3056 4856
743 417 871 519 (aa)

297 619 481 696 petarioruur
503 617 655 678 custodiae
677 616 763 677 ducis
781 616 887 678 Albani

297 718 476 795 inceperunt
485 734 603 777 merere
613 716 731 778 diverso
744 727 890 798 tempore,

300 817 436 878 videlicet
450 835 459 875 z
473 827 540 877 octo
561 827 771 877 veteranorum
792 820 890 897 galea·

300 928 410 991 torum,
425 936 502 995 quas
516 917 636 977 fueraut
650 918 681 978 iu
696 918 884 994 lombardia,

298 1030 480 1097 aeceperunt
493 1036 546 1077 sua
561 1016 709 1094 stipendia
728 1038 743 1077 a
766 1020 883 1079 Nicolao

298 1118 351 1178 Cid
366 1120 536 1199 praeposito
550 1119 658 1179 aerarii
671 1128 765 1179 status
778 1119 886 1179 Medio-

297 1219 430 1280 lanensis
452 1219 604 1297 usquead
631 1219 765 1280 ultimam
790 1224 886 1280 martii

300 1321 413 1382 LXVll.
430 1321 534 1381 Postea
547 1319 676 1380 diversis
691 1320 796 1380 diebus
811 1323 889 1397 apri·

300 1421 336 1480 lis
356 1431 386 1479 et
404 1419 537 1499 ejusdem
555 1422 623 1480 maii
638 1421 750 1480 collecti
767 1431 837 1480 sunt
852 1423 887 1480 ad

299 1540 403 1581 aarum
415 1521 615 1581 additamenta
629 1523 752 1581 trecenti
768 1523 888 1600 triginta

300 1631 361 1681 tres
373 1622 551 1699 milites,qui
564 1640 622 1680 una
635 1640 703 1681 cum
714 1622 779 1681 aliis
793 1623 888 1689 tribus

301 1723 409 1782 turmis
435 1741 489 1800 per
512 1719 632 1781 cosdem
659 1721 722 1780 dies
747 1722 784 1779 dc
807 1741 883 1782 novo

300 1822 429 1882 collectis
445 1832 626 1899 acceperunt
641 1839 692 1880 sua
708 1820 854 1898 stipendia
870 1843 885 1881 a

301 1924 454 2003 praedicto
464 1922 596 1983 solutore
608 1920 645 1980 ab
656 1920 767 1981 eisdem
778 1920 892 1996 diebus,

301 2024 412 2100 quibus
432 2022 553 2083 admissi
573 2022 698 2082 luerunt
716 2022 753 2081 ab
772 2023 888 2102 inspee-

304 2135 367 2184 tore
384 2124 516 2203 generali
533 2135 563 2182 et
578 2132 736 2200 quaestore
755 2124 889 2200 ejusdem

301 2232 396 2283 status
411 2222 639 2283 Mediolanensis
656 2222 803 2299 usquead
819 2225 888 2285 ulti·

303 2342 382 2384 ruam
397 2324 530 2400 ejusdem
547 2324 626 2395 mail,
637 2334 667 2383 et
676 2323 714 2382 ali
726 2325 830 2383 aodcm
843 2325 890 2385 dle

303 2444 419 2486 merere
451 2425 540 2485 simul
575 2425 750 2505 inceperunt
785 2445 889 2486 omncs

304 2526 449 2587 undecim.
461 2528 539 2584 Duas
554 2527 626 2583 alias
640 2526 757 2602 collegit
771 2527 893 2586 Saucius

303 2631 428 2691 dedvila
438 2630 622 2691 hastatorum
634 2629 756 2687 alteram
766 2632 888 2690 alteram

303 2732 424 2810 triginta
439 2730 685 2808 selopetariorum
705 2729 741 2788 ad
758 2732 889 2806 praedie-

304 2841 363 2889 tam
385 2828 610 2899 custodiam;lii
633 2847 751 2888 merere
773 2831 889 2909 incepe-

305 2942 376 2990 runt
393 2951 409 2989 a
429 2950 436 2988 ι
454 2930 519 3006 julii
543 2930 675 3006 ejusdum
696 2931 766 2987 anui
786 2931 895 3004 LXVll,

304 3031 358 3089 alia
374 3030 449 3106 Lupi
465 3029 502 3088 de
517 3033 618 3087 deuna
641 3028 738 3085 locum
762 3032 889 3090 terreatis

305 3132 336 3191 iu
352 3132 503 3209 praedicto
518 3127 650 3204 equitatu
669 3147 684 3184 a
700 3148 708 3186 r
724 3125 890 3189 decembris

304 3234 489 3313 insequentis
522 3234 555 3290 la
579 3228 664 3289 initio
691 3230 800 3288 mensis
824 3234 889 3291 rnaii

304 3338 374 3396 anni
386 3336 502 3396 txviu
516 3342 666 3393 venerunt
677 3350 712 3390 ex
724 3331 814 3391 Gallia
831 3346 890 3394 [res

305 3450 421 3496 turmae
434 3436 584 3503 italorum,
596 3451 672 3511 quae
685 3452 800 3494 merere
814 3435 890 3495 incc-

306 3549 416 3618 peruut
435 3557 450 3596 a
466 3556 474 3596 1
490 3535 633 3615 ejusdem.
651 3536 800 3606 caeterae,
815 3555 891 3612 quae

305 3648 468 3718 supersunt
488 3637 524 3697 ad
547 3636 711 3715 praedictas
736 3636 837 3695 decani
860 3649 890 3697 ot

306 3758 423 3814 novem,
444 3740 582 3799 collectae
604 3737 728 3796 luerunt
749 3756 796 3797 xvi
821 3741 888 3800 maii

304 3840 375 3899 anui
397 3840 479 3912 LXX,
494 3856 570 3915 quae
591 3856 695 3897 omues
719 3839 888 3915 persolutae

305 3950 385 4013 sunt,
403 3938 539 3998 videlicet
553 3957 560 3997 ε
576 3938 688 4011 decem,
707 3921 783 4015 quae
801 3939 886 4016 jussu
