3056 4856
616 446 748 548 (Η)

159 663 224 704 eam
247 645 385 714 sormam,
404 663 480 721 quae
498 645 637 724 superius
658 656 703 705 est
722 645 830 723 posita;
846 646 870 705 si
892 664 976 706 secus
998 646 1112 716 leceris,
1129 666 1189 707 non

160 744 337 805 admittetur
361 746 392 804 in
414 746 544 806 rationes
569 765 667 823 neque
692 745 813 805 dabitur
839 746 891 807 tibi
917 747 1014 807 cautio
1041 747 1098 807 ulla
1127 748 1192 808 eius

163 842 313 924 pecuniae]

203 947 233 1007 si
250 966 369 1007 necesse
391 947 550 1025 aliquando
571 947 662 1006 luerit
682 965 782 1006 emere
801 948 912 1024 aliquid
930 949 965 1008 ad
989 950 1191 1026 provisionem

122 1062 137 1108 5
162 1052 311 1110 exercitus
327 1050 372 1109 vel
395 1050 527 1109 victuum
549 1049 701 1108 ueletiam
724 1050 926 1110 munitionum
949 1070 985 1111 ex
1000 1054 1124 1130 pecunia
1141 1064 1192 1112 tuo

165 1149 283 1208 muneri
299 1149 466 1222 commissa,
485 1149 653 1229 designabis
672 1150 799 1227 aliquem
817 1169 851 1210 ex
868 1152 925 1211 tuis
940 1152 1128 1228 ollicialibus,
1142 1155 1192 1230 qui

164 1249 237 1309 illud
260 1251 409 1329 persolvat
428 1250 511 1327 juxta
532 1250 668 1310 ordinem
691 1251 747 1327 ipsi
771 1250 913 1323 dandum,
934 1263 964 1311 et
983 1253 1047 1332 ejus
1069 1255 1194 1331 pecunie

164 1348 320 1409 dabuntur
334 1350 385 1409 tibi
406 1351 558 1410 cautiones
576 1370 592 1410 a
612 1353 721 1411 nostris
739 1351 907 1429 inspectore
929 1364 958 1412 et
979 1354 1194 1429 quaestoribus.

157 1485 159 1488 <
209 1452 327 1511 llanere
341 1470 460 1530 semper
475 1451 565 1511 debes
579 1452 610 1510 in
632 1451 764 1511 exercitu
781 1471 877 1530 neque
893 1472 1024 1530 unquam
1040 1454 1147 1529 aberis,
1162 1465 1195 1513 ut

113 1568 143 1614 tu
168 1553 283 1631 negotia
298 1554 335 1611 ad
350 1571 461 1612 munus
482 1564 565 1612 tuum
582 1553 761 1630 pertinentia
784 1553 968 1613 commodius
989 1553 1195 1632 expediantur.

207 1654 369 1715 Conveniet
394 1655 446 1714 tibi
469 1654 545 1713 bene
567 1655 596 1713 in
619 1674 675 1714 usu
698 1665 727 1715 et
749 1654 948 1715 exercitiotui
971 1659 1104 1716 muneris
1127 1674 1194 1714 cum

170 1756 325 1835 praedietis
339 1756 508 1833 inspectore
525 1757 666 1834 primario
678 1766 708 1817 et
722 1756 931 1833 quaestoribus
943 1769 972 1816 et
987 1757 1197 1816 commissoriis

168 1857 320 1928 censoriis,
341 1856 425 1915 utin
449 1856 588 1916 omnibus
609 1856 670 1929 fiat,
689 1855 769 1933 quod
790 1867 891 1916 nostro
912 1857 1034 1917 servitio
1056 1858 1094 1917 sit
1115 1876 1198 1916 eom-

170 1960 296 2019 modius.

114 2086 144 2133 45
210 2062 244 2119 Et
258 2059 399 2137 quoniam
423 2056 581 2135 praedictis
602 2056 763 2133 inspectori
780 2057 920 2132 primario
942 2067 972 2116 et
993 2058 1199 2135 quaestoribus

169 2161 323 2239 speciatim
338 2159 424 2218 datus
436 2170 480 2218 est
491 2157 564 2217 ordo
580 2166 609 2216 et
624 2158 779 2217 instructio
793 2157 828 2215 ad
845 2177 888 2228 ea,
905 2177 981 2235 quae
997 2161 1147 2238 pertinent
1164 2159 1200 2218 ad

171 2265 305 2342 ipsorum
321 2278 456 2330 munera,
471 2259 636 2335 exequeris,
651 2258 730 2335 quod
746 2259 776 2318 in
792 2259 834 2317 eis
849 2258 1021 2319 ordinatum
1042 2273 1071 2319 et
1083 2261 1199 2338 jussum

171 2362 288 2421 anobis
308 2361 407 2420 estad
431 2378 541 2418 munus
559 2377 677 2437 quoque
693 2369 777 2418 tuum
800 2362 963 2438 pertinens,
978 2362 1058 2438 quod
1076 2361 1123 2421 bie
1142 2380 1201 2421 non

81 2455 83 2459 ’
171 2463 413 2540 estexplieitum.

120 2588 149 2635 po
214 2567 323 2625 Datum
345 2563 480 2623 llladridii
499 2582 538 2622 xu
564 2561 660 2620 martii
678 2563 868 2621 uutxvtt.
885 2565 919 2621 m
932 2563 1115 2641 imperamus
1140 2563 1202 2632 tibi,

176 2666 328 2726 Francisee
344 2664 464 2738 bixaldi,
481 2676 512 2722 ut
524 2662 696 2722 omnimodo
711 2662 788 2722 bene
800 2662 852 2721 tibi
868 2664 1025 2724 conveniat
1035 2683 1102 2723 eum
1117 2684 1202 2741 prae·

174 2769 252 2827 dieto
281 2776 382 2826 nostro
406 2767 572 2843 inspectore
601 2763 808 2840 quaestoribus
831 2775 859 2823 et
884 2746 1103 2836 commissoriis,
1122 2764 1200 2841 quod

174 2869 211 2928 ad
225 2867 371 2946 stipendia
393 2866 508 2938 attinet,
524 2876 556 2923 ut
578 2864 761 2923 commodius
783 2863 845 2938 liat,
866 2866 946 2942 quod
963 2866 1056 2924 nostri
1079 2877 1124 2924 est
1138 2885 1202 2925 ser·

176 2970 248 3041 vitii,
263 2980 293 3028 ot
313 2980 345 3028 ut
365 2968 438 3026 baec
459 2976 558 3024 nostra
581 2965 737 3024 instructio
756 2964 904 3025 reseratur
923 2979 952 3024 et
974 2966 1206 3025 transscribatur

122 3075 152 3123 25
177 3072 206 3130 in
222 3069 306 3130 libris
321 3066 537 3147 stipendiorum
559 3066 652 3125 nostri
669 3066 823 3139 exercitus,
845 3086 919 3144 quos
935 3065 1086 3145 inspector
1104 3076 1205 3125 noster

177 3181 207 3231 ct
221 3182 389 3248 quaestores
406 3167 546 3246 praedicti
562 3176 633 3226 sunt
649 3167 790 3228 babituri.

620 3369 678 3445 ligo
701 3369 772 3426 Rex.

272 3512 360 3570 lussu
376 3510 451 3569 Suae
469 3506 626 3583 llajestatis
641 3508 764 3564 loannes
781 3504 924 3581 llasquius
939 3504 1113 3564 Salazarius.

221 3733 281 3810 Ego
302 3733 407 3791 Petrus
430 3729 605 3804 Velasquius
627 3726 722 3787 scriba
745 3726 881 3805 publicus
902 3728 979 3786 Suae
1002 3725 1160 3803 Maiestatis
1175 3724 1205 3785 in

125 3852 155 3900 30
180 3833 319 3893 omnibus
341 3833 403 3891 suis
424 3830 523 3909 regnis
548 3841 578 3888 et
599 3828 737 3888 dominiis
762 3826 815 3886 leci
843 3826 1044 3886 transcribere
1067 3845 1209 3904 praesens

181 3934 349 4012 exemplum
365 3952 401 3993 ex
416 3930 561 4010 originali,
582 3927 833 4006 quemadmodum
850 3927 880 3986 in
896 3946 931 3986 eo
953 3939 1028 4001 erat,
1045 3927 1209 4003 quodcum

180 4036 283 4097 eodem
305 4034 362 4095 luit
382 4043 547 4093 correctum
568 4043 597 4089 ct
617 4029 837 4089 collationatum
858 4028 1064 4105 praesentibus
1083 4028 1210 4088 testibus
