3056 4856
735 411 864 510 (82)

315 614 372 672 Pro
387 612 525 689 expensis
540 613 569 669 in
585 612 677 671 classe
693 611 785 683 iactis,
798 631 856 690 qua

272 715 408 773 Maiestas
424 713 552 792 Reginae
570 731 637 771 eum
660 712 861 773 serenissimis

270 812 460 890 Principibus
476 812 639 872 Bobemieis
655 813 746 889 ipsius
761 814 858 874 iratri-

271 915 326 974 bus
339 915 488 993 navigavit
499 914 536 974 ab
548 914 594 973 his
606 914 732 974 statibus
744 915 773 973 in
789 916 854 974 iiis-

269 1016 403 1092 paniam,
458 1026 577 1074 eentum
640 1016 852 1094 quinquaginta

269 1134 375 1175 novem
411 1114 491 1175 miiie
527 1115 707 1193 septingenti
747 1134 854 1175 novem

266 1218 394 1277 eoronati
426 1217 567 1295 tringinta
598 1227 712 1294 septem
746 1218 852 1277 stuieri

266 1337 372 1377 norem
384 1318 472 1390 obuii,
481 1336 556 1394 quae
565 1319 688 1393 pecunia
697 1319 854 1378 distributa

265 1418 321 1478 iuit
355 1437 407 1495 per
442 1417 639 1495 chirographa
669 1419 783 1477 comitis
818 1419 855 1479 de

264 1522 376 1579 Boussu
390 1520 546 1579 ammiralii
559 1519 692 1595 ejusdcm
705 1520 806 1579 elassis
822 1532 852 1580 et

262 1619 374 1678 domini
416 1621 453 1678 de
495 1617 654 1678 indevcitle
689 1619 848 1681 aurisiliarii

263 1721 371 1800 Regiae
383 1722 540 1781 Maiestatis
555 1733 584 1781 et
599 1722 762 1781 comissarii
776 1742 847 1799 pro·

261 1823 407 1883 curatoris
420 1823 553 1899 ejusdem
570 1823 669 1882 ciassis
684 1835 712 1881 et
727 1825 849 1883 ioannis

262 1924 850 2000 MoicnidomuspraescctiDucisrtibani,

259 2027 309 2103 qui
330 2026 417 2102 jussu
449 2045 503 2084 suo
534 2027 649 2103 privato
676 2027 847 2104 procuravit

259 2126 420 2185 neccssaria
433 2127 531 2184 nmuia
543 2145 677 2185 camerae
690 2138 717 2185 ct
733 2127 845 2186 servitii

256 2226 363 2303 Regiae
390 2226 548 2285 Maiestatis
571 2239 600 2286 ct
627 2226 844 2304 praedictorum

256 2328 433 2404 principum.
454 2326 597 2387 Universa
624 2326 696 2385 hacc
719 2327 842 2404 pecunia

253 2428 386 2505 injuncta
421 2426 478 2488 suit
511 2428 638 2487 Martino
672 2427 776 2488 Ruisio
805 2428 841 2488 de

251 2529 344 2602 Laris,
365 2530 416 2606 qui
438 2528 560 2588 nomine
583 2529 676 2607 ipsius
697 2529 837 2589 soiutoris

251 2629 503 2702 iiiamdistribuit,
527 2630 660 2689 rationes
677 2649 746 2690 veru
771 2631 839 2689 iue-

249 2744 321 2790 runt
339 2742 475 2809 acceptae
496 2750 511 2790 a
533 2732 648 2791 Joanne
662 2732 837 2793 Navarrctio

247 2843 277 2890 et
293 2834 475 2912 Hieronymo
490 2833 583 2890 Arzco
599 2844 657 2891 tam
674 2833 703 2890 in
722 2832 834 2893 instru-

247 2932 322 2991 enda
349 2942 377 2990 et
404 2931 576 2991 adornanda
597 2933 687 2991 oiasse
713 2942 744 2991 ct
771 2932 836 3009 ejus

246 3032 417 3111 provisione
452 3051 541 3109 quam
578 3031 608 3091 in
647 3032 758 3095 deiioiis
797 3032 833 3091 ad

244 3134 354 3212 regiam
398 3151 554 3211 personam
595 3145 625 3192 et
662 3133 832 3211 principum

244 3234 394 3310 requisitis
411 3242 441 3292 ct
463 3233 492 3291 iu
511 3233 651 3293 universo
673 3234 730 3292 aiio
752 3234 831 3292 victu

243 3335 409 3394 necessario
426 3334 582 3393 universae
598 3334 682 3393 classi
698 3353 765 3393 eum
780 3335 830 3394 sti·

242 3433 352 3513 peudio
375 3435 464 3492 unius
486 3436 594 3494 mensis
621 3434 717 3494 tribus
741 3436 829 3494 Vata-

242 3555 313 3594 num
324 3536 428 3595 turmis
436 3555 471 3596 ex
486 3534 541 3607 iris,
553 3537 604 3612 qui
616 3537 746 3597 comitati
758 3549 829 3597 suut

240 3636 360 3714 Regiam
373 3637 563 3709 Maiestatem,
574 3648 603 3695 et
614 3638 644 3696 iu
658 3638 721 3696 aiiis
737 3636 827 3698 rebus

239 3737 274 3795 ad
301 3738 425 3797 eandem
447 3736 570 3796 classem
596 3737 825 3815 pcrtinentibus,

238 3838 490 3916 quemadmodum
501 3837 656 3899 viderecst
667 3838 697 3897 in
711 3838 826 3897 ratione

237 3938 367 4017 speciali,
402 3957 478 4016 quae
513 3939 661 4016 descripta
691 3947 736 3998 cst
763 3937 826 4014 ejus
