3046 4836
632 429 785 527 (ror)

187 728 301 792 Relatio
315 726 493 790 distributae
506 732 650 806 pecuniae
664 754 683 791 a
696 736 774 793 sotu-

224 843 285 892 tore
315 830 453 892 Liaatdio
490 851 581 913 usqae
613 832 653 894 ad
683 837 771 913 (inem

226 930 378 1012 februarii
392 936 468 994 aursi
481 935 572 995 LXX
579 937 602 994 V
614 935 655 1016 [et
670 936 775 997 deiude

226 1054 322 1117 usque
334 1036 373 1093 od
386 1055 402 1094 v
414 1035 533 1112 martii,
546 1055 605 1119 quo
617 1036 686 1098 obiit
696 1037 773 1098 dour.

227 1138 454 1196 Commendator
479 1136 590 1217 Major,
616 1148 642 1198 et
667 1138 772 1198 deiude

226 1256 261 1297 er
293 1236 400 1297 ordine
431 1247 458 1297 et
490 1236 589 1299 literis
620 1239 774 1300 solatoriis

225 1341 416 1400 dominorum
442 1338 688 1401 consiliariorum
711 1352 767 1402 sta-

228 1448 277 1500 tus
293 1441 404 1521 Reyiae
427 1441 598 1502 Maiestatis
619 1462 714 1526 usque
735 1444 775 1503 aet

226 1528 773 1625 mfflmfflwu

131 1653 160 1700 10
221 1645 315 1720 jueta
332 1645 578 1705 aestimationem·
591 1656 738 1724 arreptam
755 1668 773 1705 a

226 1754 383 1827 quaestore
403 1750 522 1807 Joorroe
544 1748 726 1808 Norarretio
739 1769 775 1806 es

226 1844 333 1906 ordine
350 1845 478 1923 ejusdem
495 1846 610 1908 domiui
625 1851 774 1908 Coruureu·

226 1946 351 2008 datoris.

128 2182 158 2229 ts
383 2168 576 2227 Drsrursorro.

224 2339 281 2397 Pro
304 2335 453 2413 stipendio
474 2336 587 2396 domini
610 2338 770 2396 Commen-

181 2437 420 2498 datarisMaioris*
432 2455 527 2513 usquo
539 2438 575 2496 od
590 2437 679 2496 finem
691 2447 770 2496 octo·

182 2539 246 2600 bris
259 2539 329 2598 anni
344 2539 483 2599 Lxxllrr.
833 2541 1004 2600 11311101.

223 2643 296 2701 ltem
312 2660 327 2698 s
344 2661 351 2700 ι
365 2640 535 2700 novembris
550 2639 683 2718 ejusdem
699 2640 770 2698 anni

123 2756 155 2804 1ο
182 2743 331 2821 usquead
352 2744 442 2802 onem
466 2742 563 2801 martii
579 2743 649 2801 onrri
667 2744 768 2802 LXXV

181 2864 235 2923 pro
250 2855 410 2922 augmento
425 2842 567 2921 stipendii
579 2840 726 2922 ejusdem.
832 2843 931 2904 tutat
946 2861 1008 2906 cor.
1022 2844 1061 2904 29
1077 2859 1111 2904 st.

220 2944 383 3004 Marohioni
411 2943 545 3022 Clrspino
576 2944 692 3002 Vitellio
726 2944 762 3003 sd

181 3048 311 3106 rationes
336 3044 382 3106 sui
406 3044 558 3123 stipendii.
850 3046 1006 3107 osoocor.

224 3146 350 3205 Domino
371 3146 407 3204 de
428 3147 614 3218 Nucerinos,
636 3144 688 3221 qui
709 3145 766 3205 fuit

121 3257 154 3310 ὕ
178 3246 325 3327 generalis
355 3248 385 3306 in
416 3245 580 3321 Holiondio‚
609 3247 639 3306 in
671 3246 766 3306 tribus

178 3347 316 3408 summis.
850 3350 930 3410 urta
945 3368 1005 3410 eor.

221 3446 326 3509 comiti
341 3446 379 3507 de
394 3448 419 3506 lo
436 3449 511 3506 Roas
526 3447 648 3506 domino
663 3434 766 3508 rerut-

180 3549 279 3609 osodo
294 3550 330 3609 de
345 3550 371 3608 io
390 3550 482 3628 Noyx.
639 3586 643 3593 -
852 3551 932 3611 utto
946 3569 1008 3613 aar.

220 3650 315 3709 Fratri
336 3649 486 3726 Stephano
508 3647 545 3707 de
568 3648 673 3707 Molino
696 3668 767 3709 con-

122 3931 153 3981 ³0
215 3918 253 3980 (i)
276 3918 310 3970 Lo.
331 3926 437 3988 compte
458 3919 505 3971 des
525 3916 655 3989 diponses
678 3919 724 3987 «rui
745 3936 898 3973 commones
922 3921 955 3973 iai
982 3940 1015 3974 ne
1039 3922 1142 3976 s'e‘teod
1158 3941 1210 3993 que

173 4011 284 4084 jusqu'is
299 4013 323 4066 io
340 4012 375 4066 fin
391 4014 427 4066 du
441 4013 508 4067 mois
521 4013 554 4065 do
569 4013 668 4066 [irrisu
686 4013 765 4067 1575.
