3056 4856
756 420 770 515 t
797 421 884 518 aa

303 609 379 671 oreis
402 612 618 692 vororotensis
640 617 669 676 iu
694 617 783 679 simili
805 640 890 680 oeea-
965 640 1015 646 ‘·
1114 615 1119 627 ’

305 711 405 786 omae,
429 713 591 793 octingenti
615 720 802 796 septuaginta
829 723 889 781 duo
975 733 978 739 '
1069 738 1072 745 '

304 815 435 875 eoronati
451 816 572 897 triginta
586 838 636 878 sex
651 820 767 883 stuieri.
931 824 990 886 stt
1005 823 1065 886 eoi.
1083 828 1164 890 ib'st

346 915 500 995 Aipbouso
515 920 609 979 Bravo
625 920 799 983 borraebelo
813 944 891 985 eam·
1017 923 1021 927 ’
1146 934 1149 941 ’

308 1033 402 1092 pauno
422 1017 572 1093 peditatus
590 1039 646 1097 pro
666 1041 721 1082 suo
741 1025 892 1100 stipendio

307 1126 336 1177 et
346 1118 518 1180 officialium
533 1134 563 1182 et
577 1121 733 1184 duodecim
744 1127 891 1204 oquittnn,
938 1185 940 1188 Α

307 1236 383 1296 quos
403 1219 493 1281 babet
516 1221 552 1282 od
579 1227 785 1285 executionem
803 1227 894 1304 justi·

309 1320 366 1380 tiae
383 1342 399 1380 a
421 1340 467 1383 avt
486 1324 664 1401 septembris
678 1328 749 1388 anati
767 1330 895 1402 ιΧῊΙΙ,

307 1440 368 1500 quo
384 1441 499 1483 merore
520 1424 640 1505 incepit,
660 1429 806 1506 usquead
824 1432 892 1489 uiti·

307 1541 387 1584 mom
403 1525 582 1602 septembris
596 1529 667 1588 antri
682 1531 757 1590 Lxx
772 1544 891 1592 eentum

308 1634 336 1685 et
350 1643 401 1684 sex
412 1629 561 1687 coronatis
572 1628 602 1688 in
615 1649 745 1691 mensem
758 1632 893 1692 detiuetis

308 1726 443 1805 quinque
453 1732 602 1791 eorotratis
612 1731 765 1808 eujusdam
778 1733 890 1793 ossieia-

309 1827 353 1901 tis,
378 1829 430 1907 qui
452 1850 505 1907 per
523 1850 655 1891 attensem
674 1851 733 1892 non
756 1836 893 1907 servivit,

308 1926 368 1988 duo
390 1931 470 1990 nriiie
491 1934 646 2012 quingenti
674 1945 704 1994 et
733 1935 892 2015 nonaginta

309 2028 369 2088 duo
383 2033 525 2092 coronati.
928 2039 1007 2098 *2592
1022 2056 1081 2097 eor.

352 2131 393 2192 Ex
407 2132 578 2210 sumptibus
600 2135 632 2195 in
651 2136 792 2196 curandis
814 2137 894 2196 miti·

311 2231 390 2292 tibus
411 2233 560 2312 Hispanis,
580 2237 630 2313 qui
649 2247 842 2317 aegrotarunt
864 2238 895 2299 in

309 2335 416 2398 itinere
435 2353 470 2394 ex
491 2335 572 2394 ltalia
594 2338 624 2395 iu
645 2337 698 2397 lias
717 2338 895 2416 provincias,

309 2439 360 2517 qui
380 2452 519 2519 sumptus
540 2437 659 2498 deducti
680 2457 740 2498 nou
769 2438 892 2499 suerunt

309 2559 345 2602 ex
375 2559 482 2601 eorum
518 2540 692 2620 stipendiis,
719 2541 780 2600 duo
815 2540 894 2599 nriiie

309 2642 519 2722 quadringenti
534 2642 728 2721 quadraginta
744 2660 795 2700 sex
810 2658 894 2700 eoro-

207 2817 209 2821 ¹
308 2743 370 2804 nati
391 2757 457 2804 oeto
473 2743 578 2803 stuieri
594 2762 702 2803 norem
717 2742 804 2801 oboli.
929 2743 1010 2802 'libb
1024 2760 1086 2802 eor.
1100 2747 1118 2801 8
1133 2755 1170 2802 st.
1187 2744 1269 2804 bob.

316 2871 329 2903 s
348 2844 513 2909 Prorornris
528 2857 557 2905 et
570 2843 789 2904 munitionibus
800 2843 834 2901 ad
847 2863 893 2901 ar·

310 2946 892 3024 mendumpraedictosuriiitesilispanos

309 3048 401 3128 (quod
418 3059 516 3108 tatrten
532 3046 691 3106 deducitur
708 3047 847 3122 pauiatint
860 3065 893 3104 ex

309 3150 459 3230 stipendio
476 3148 596 3227 eorum)
619 3147 723 3226 viginti
740 3158 800 3206 tres
816 3145 897 3206 mille

310 3265 431 3313 eentum
444 3252 547 3330 viginti
560 3251 694 3330 quinque
706 3250 837 3309 coronati
855 3249 895 3307 vi·

309 3355 389 3434 ginta
406 3352 585 3414 duostuiori
601 3370 708 3412 novom
723 3349 812 3410 oboli.
936 3349 1033 3409 25125
1049 3364 1109 3409 oor.
1122 3351 1160 3408 ab
1175 3351 1243 3409 sti)
1257 3349 1306 3410 ob.

309 3554 503 3634 Stipendium
520 3552 658 3633 peditum
674 3554 892 3614 Gorntouoruut

416 3658 581 3740 superioris
597 3656 780 3716 Germaniae.
824 3692 826 3708 t
884 3693 885 3699 κ
971 3704 974 3714 .

351 3821 560 3897 Regimentum
604 3815 720 3877 comitis
765 3812 892 3873 diberiei

311 3910 897 4005 Lodroniensis'babuitdoodeeiintur·
944 3982 945 3987 η
999 3985 1011 4006 Ἣ
1078 3974 1112 4003 ,Α

312 4044 385 4096 mos,
422 4022 533 4100 iueepit
576 4019 704 4080 militaro
741 4008 789 4077 xiv
815 4016 896 4095 junii
