3056 4856
670 461 794 552 (ddi

208 646 289 726 ginta
301 651 448 710 coronatis
458 661 488 710 et
496 652 615 732 triginta
624 659 754 734 stuscris,

210 766 285 824 quos
303 750 380 810 idem
404 753 571 828 persolutor
585 761 696 834 accepit
716 779 752 820 ex

210 847 388 925 quibusdam
409 854 612 929 quaestoribus
633 861 754 920 nornine

211 949 353 1025 praedicti
368 951 462 1012 Licini
480 964 510 1014 ct
524 955 656 1018 eiusdem
673 962 755 1022 ducis
835 966 838 972 '

167 1060 182 1106 t
209 1048 314 1109 Albani
336 1050 420 1127 jussu
443 1074 470 1113 rx
492 1058 663 1119 novembris
684 1065 756 1123 anni

211 1151 292 1210 LXX.
803 1169 922 1231 uastas
938 1191 998 1231 cor.
1013 1177 1023 1231 1
1032 1174 1050 1231 2
1065 1187 1100 1234 st.
1118 1178 1135 1234 6
1150 1177 1198 1235 ob.

251 1251 348 1311 Unum
371 1255 532 1317 miiiionem
554 1258 621 1339 (boo
641 1271 685 1321 est
706 1262 755 1321 de·

209 1351 268 1411 cies
279 1365 400 1415 centum
414 1356 503 1436 mitte)
514 1363 679 1440 octuaginta
693 1364 753 1424 duo

210 1456 290 1515 mitte
314 1459 494 1538 quingentos
520 1465 670 1543 sexaginta
701 1484 754 1526 uo-

154 1565 183 1612 to
211 1574 277 1615 vern
312 1571 467 1620 coronatos
502 1563 607 1643 viginti
643 1584 751 1625 novem

210 1656 338 1717 stuscros
360 1672 390 1719 et
408 1673 536 1736 quatuor
551 1664 664 1739 obolos,
678 1686 752 1743 quos

210 1757 344 1818 Nicotaus
378 1763 463 1821 Wart
497 1766 643 1842 generalis
679 1786 751 1844 qua-

210 1867 290 1917 estor
324 1859 520 1923 tinanciarum
554 1867 662 1945 Regiae
694 1871 752 1928 Ma·

208 1959 319 2020 icstatis
335 1965 502 2023 numeravit
518 1985 552 2025 ex
568 1968 688 2028 collecta
703 1989 754 2047 pc·

152 2074 181 2120 tt
208 2061 293 2119 cunia
311 2062 442 2122 eiusdem
463 2068 615 2127 cerrtcsimi
638 2069 750 2130 denarii

207 2180 243 2221 ex
257 2163 340 2222 iussu
356 2175 385 2223 ct
399 2165 492 2226 literis
507 2168 589 2228 ducis
606 2170 710 2230 Albani
723 2184 752 2231 et

207 2264 386 2342 collegarum
412 2267 575 2328 earundem
605 2270 747 2331 financia-

207 2383 285 2439 rum,
307 2365 362 2425 hoc
383 2368 488 2428 ordine
509 2389 515 2430 :
539 2371 749 2452 quadringenti

207 2466 376 2541 quindecim
392 2470 472 2529 uriiie
484 2474 627 2549 nongenti
640 2482 669 2532 et
680 2494 750 2550 qua-

150 2580 180 2629 st
207 2570 372 2629 tuordecim
391 2574 524 2632 coronati
545 2576 663 2653 triginta
687 2589 752 2635 octo

206 2668 309 2727 stuseri
325 2678 355 2728 et
374 2689 425 2730 seu
445 2672 522 2731 oboii
544 2692 596 2749 per
613 2675 746 2753 praedic-

206 2778 267 2827 tum
283 2772 446 2830 solutorem
461 2771 585 2832 diversis
598 2787 742 2833 mercato-

204 2869 288 2928 ribus
304 2872 450 2930 numerati
462 2890 510 2931 xvi
525 2873 691 2934 decembris
707 2877 744 2934 ei·

205 2970 307 3030 usdem
320 2973 389 3030 anni
398 2974 473 3031 LXX
482 2974 518 3032 ad
530 2975 659 3035 rationes
671 2976 745 3048 eius,

147 3086 176 3133 et
203 3071 282 3147 quod
297 3073 369 3151 ipsis
383 3072 546 3134 debebatur
563 3094 599 3133 ex
614 3078 743 3154 negociis

201 3173 322 3232 cambiis
338 3184 368 3232 et
379 3173 514 3234 financiis
525 3175 562 3233 ab
577 3175 649 3252 ipsis
660 3176 744 3236 sactis

202 3274 323 3332 nomine
350 3276 457 3352 Regiae
485 3274 650 3337 Maiestatis.
677 3278 746 3356 Ejus

202 3376 344 3453 pecuniae
370 3375 539 3453 praedictus
563 3378 678 3437 solutor
702 3389 747 3438 est

201 3477 370 3537 nominatus
385 3478 514 3538 creditor
529 3480 558 3538 iu
576 3478 682 3538 barum
696 3499 743 3538 ra·

145 3593 174 3641 ao
201 3578 316 3637 tionum
328 3579 496 3656 receptione
505 3581 534 3638 in
547 3580 743 3639 solutionibus

199 3678 310 3738 eisdem
327 3679 541 3738 mercatoribus
554 3679 646 3739 factis.
659 3681 743 3756 quin·

186 3790 302 3857 gentos
331 3798 400 3839 vero
424 3780 573 3858 sexaginta
592 3800 642 3839 sex
664 3783 742 3840 mitte

199 3893 353 3941 sexcentos
376 3882 588 3960 quinquaginta
611 3891 741 3959 quatuor

199 3993 354 4043 coronatos
369 3995 398 4042 et
413 3984 515 4060 viginti
532 4002 639 4044 novem
652 3984 743 4044 stuic·
