3046 4836
652 430 809 553 ‹aaa›

244 766 360 830 Relatio
374 768 551 830 distributae
570 771 716 848 pecuniae
736 789 792 855 per

203 867 364 930 solutorem
397 868 576 930 Liaoldt'um
604 891 623 931 α
651 891 660 929 t
688 870 793 931 martii

204 971 282 1031 unni
305 970 396 1032 LXX
403 972 426 1029 V
440 989 536 1053 usqua
549 969 589 1031 ud
602 969 694 1051 fineen
703 972 792 1049 junii

205 1070 332 1150 duodena
363 1076 437 1132 uani
465 1081 491 1133 et
519 1071 623 1133 deinde
650 1091 745 1155 tuaque
773 1095 792 1133 a

166 1195 180 1240 5
204 1191 223 1232 a
248 1172 355 1233 martii
375 1173 452 1234 unni
472 1175 616 1246 LXXVI,
639 1193 699 1256 quo
718 1173 792 1234 obiit

205 1273 346 1335 (lominus
363 1273 593 1337 Commendutor
608 1276 710 1337 Maior
725 1280 795 1337 Cus-

206 1370 310 1436 tttttue.

250 1579 305 1637 Pro
331 1576 441 1654 debito,
467 1597 526 1655 quo
556 1579 653 1639 dietus
679 1580 794 1640 solutor

208 1677 794 1760 LixaidiusdeprehenditRegiamMaies·

151 1797 180 1845 to
207 1790 298 1839 tatem
328 1779 495 1841 debitorem
518 1780 548 1840 in
571 1782 737 1842 rationibus
765 1792 795 1841 et

205 1880 413 1941 aestimatione
428 1883 509 1941 initis
532 1900 586 1959 per
607 1894 795 1960 quaestorem

203 1982 352 2040 ioannem
382 1982 593 2042 Navarretium
623 2002 659 2042 oa
688 1983 795 2042 ordine

204 2082 339 2160 ajttsdem
371 2083 622 2144 commendatoris
645 2085 797 2160 usquead

205 2185 297 2245 finem
313 2184 456 2245 februarii
472 2187 543 2246 anni
561 2186 661 2246 LXXV
677 2187 729 2266 (i).
840 2187 939 2248 ootott
954 2205 1015 2247 oor.
1030 2187 1070 2247 at
1084 2201 1119 2246 st.

153 2303 182 2349 tt
248 2287 305 2346 Pro
323 2285 474 2365 stipendio
497 2287 573 2347 Suae
596 2288 795 2347 Excellentiae

206 2390 235 2444 in
251 2386 378 2446 sedecim
394 2387 530 2448 summis.
837 2388 940 2450 58850
955 2407 1015 2449 eor.
1031 2391 1069 2450 86
1085 2399 1120 2450 st.

246 2490 303 2547 Pro
315 2487 462 2565 stipendio
474 2488 652 2549 Marohionis
666 2487 790 2567 Chapini

206 2589 316 2649 Vitellii
327 2589 365 2648 ad
380 2590 523 2649 rationes.
843 2592 923 2650 8058
939 2608 1000 2649 eor.
1016 2591 1056 2649 88
1071 2589 1119 2648 εῑ.’

248 2691 304 2750 Pro
318 2689 466 2766 stipendio
481 2691 638 2750 Alexandri
654 2691 691 2750 de
712 2691 792 2749 Gon·

152 2809 182 2858 ῃ
210 2807 288 2868 zaga.
842 2792 920 2850 1400
933 2807 995 2849 eor.

248 2891 342 2949 Fratri
363 2889 515 2967 Stephano
535 2890 572 2949 de
593 2890 700 2949 Moiina
723 2910 796 2949 uon·

207 2992 312 3052 sessori
326 2993 403 3050 Suae
419 2991 623 3053 Excellentiae.
837 2993 898 3054 818
913 3010 973 3054 cor.
989 2993 1009 3054 8
1025 3002 1062 3054 st.

248 3093 409 3170 Capitoneo
427 3093 593 3172 Campanae
614 3104 644 3153 et
665 3092 795 3152 auditori

208 3202 237 3254 et
254 3194 451 3272 tympanistae
464 3195 606 3274 generati.
841 3196 943 3258 81568
958 3216 1019 3258 eor.
1035 3200 1074 3260 88
1088 3195 1124 3280 Ἰ,
1139 3209 1173 3258 st

154 3315 185 3363 aa
249 3296 414 3356 Secretario
427 3296 631 3356 Dominiao‘de
646 3296 749 3356 Cavala
766 3306 796 3356 et

209 3395 271 3454 suis
286 3395 468 3460 officialibus.
839 3400 900 3460 680
914 3417 976 3460 eor.

248 3494 430 3557 satellitibus
441 3498 591 3558 custodiae
605 3499 682 3557 Suae
694 3498 798 3557 Exeei-

211 3595 331 3655 ientiae.
841 3603 921 3661 8878
935 3620 987 3662 cor

254 3696 309 3754 Pro
329 3699 476 3777 stipendio
494 3713 688 3779 quaestorum
704 3711 733 3762 et
750 3722 798 3762 so·

1073 3910 1239 3921 ——.-

246 4034 285 4098 (Ι)
305 4033 395 4101 Quant
407 4053 441 4091 au
455 4041 568 4095 nombre
580 4042 627 4096 das
640 4043 743 4112 sensuri,
758 4060 842 4112 voyea
855 4044 984 4099 uidemus
1000 4045 1045 4100 tol.
1060 4045 1107 4101 ta.
