3046 4836
642 450 794 548 (137)

239 650 296 708 Pro
307 648 432 728 pulvere
445 650 640 709 tormentario
652 650 687 708 ad
700 669 782 709 exer·

196 749 298 811 eitum.

239 852 296 909 Pro
305 849 484 926 quibusdam
495 850 656 910 monilibus
668 859 697 909 ot
708 862 785 911 eate-

200 953 245 1011 nis
264 951 343 1011 dono
369 950 444 1010 detis
470 952 623 1012 nonnullis
652 954 784 1029 personis

159 1072 254 1131 spru
293 1051 418 1112 diversis
457 1051 561 1113 officiis
597 1053 626 1113 in
662 1054 782 1132 Regiam

200 1154 390 1214 Maiestatem.

242 1257 298 1315 Pru
319 1254 435 1332 jactura
465 1255 607 1336 pecuniae
635 1265 665 1315 et
694 1257 784 1334 panni

200 1356 274 1416 laeta
295 1356 421 1416 dirersis
446 1357 629 1430 infortuniis,
655 1375 784 1434 quorum

200 1459 275 1516 ratio
311 1456 445 1517 exhiberi
475 1466 570 1534 potest
594 1477 610 1516 a
633 1455 783 1534 praedicto

146 1576 175 1624 to
198 1558 340 1618 solutore.

242 1661 299 1720 Pro
326 1659 466 1738 expensis
496 1659 581 1720 laetis
604 1680 620 1718 a
646 1660 785 1721 contrais-

200 1761 284 1820 sarils
312 1760 521 1820 recensionum
550 1761 580 1819 in
610 1763 785 1821 executione

111 1893 115 1900 ·
199 1880 324 1921 suorum
339 1860 516 1921 officiorum.

242 1965 299 2023 l’ro
321 1963 385 2023 allis
407 1963 545 2040 expensis
565 1972 684 2042 praeter
703 1984 789 2042 prae·

148 2081 176 2128 to
200 2064 293 2124 dietas
308 2064 392 2124 laetis
407 2064 436 2123 in
454 2064 557 2123 oodoni
574 2067 716 2124 exercitu.

243 2167 300 2226 l‘ro
313 2167 451 2245 expensis
468 2166 551 2225 laetis
563 2165 601 2225 ab
611 2166 786 2227 officialibus

201 2267 334 2345 ejusdem
358 2267 498 2327 solutoris
520 2277 580 2326 tem
602 2268 631 2327 in
655 2272 717 2328 suis
737 2268 788 2328 stl-

202 2369 318 2445 pendiis
343 2388 432 2446 quant
459 2368 489 2428 in
512 2369 653 2429 custodiis
680 2370 789 2448 praesi-

200 2470 302 2530 diariis
329 2478 359 2528 et
386 2468 540 2541 curribus,
568 2487 697 2545 quorum
728 2488 791 2529 om·

152 2590 181 2639 ap
200 2569 283 2632 nium
299 2570 429 2632 rationes
443 2582 515 2629 sunt
530 2571 559 2629 in
576 2583 727 2648 prompto.

243 2674 299 2732 Pro
330 2671 395 2731 allis
431 2672 569 2748 expensis
603 2673 641 2730 ab
677 2672 790 2732 eisdem

201 2774 284 2833 laetis
312 2773 342 2832 in
374 2773 612 2851 comportatione
645 2772 789 2849 pecuniae

199 2873 235 2934 ad
260 2886 354 2934 eastre
380 2884 409 2933 et
432 2875 502 2933 alias
526 2872 564 2933 ad
591 2883 694 2951 partes
724 2884 791 2946 ote,

198 2993 328 3053 quorum
358 2979 431 3034 ratio
461 2986 557 3053 potest
585 2974 720 3034 exhiberi
749 2975 788 3034 ab

149 3094 179 3144 ex
202 3075 306 3136 eodem
326 3075 467 3135 solutore.

241 3177 388 3237 Thomase
411 3175 509 3235 Fiesro
531 3176 566 3234 ad
590 3177 690 3236 literas
711 3178 788 3254 ejus-

202 3279 269 3337 ‹lent
286 3277 374 3337 Dueis
388 3276 425 3336 ad
440 3276 617 3335 solvendum
632 3278 787 3355 quaternis

203 3379 568 3456 nundinisquinquaginta
580 3378 661 3437 tuille
669 3377 785 3439 florenl.

244 3481 300 3539 l‘ro
320 3480 437 3556 seriptis
460 3476 642 3558 pecuniariis
665 3480 794 3550 arnissis,

150 3599 179 3648 ao
203 3600 279 3658 quae
300 3579 452 3641 educenda
473 3589 544 3638 sunt
561 3580 598 3638 ad
614 3580 793 3640 satisfactio·

206 3703 273 3742 netu
307 3682 442 3760 ejusdem
477 3680 618 3741 solutoris
656 3691 793 3760 tompore

203 3782 429 3862 gubernationis
445 3783 532 3842 llueis
548 3782 664 3841 Albanis

244 3887 303 3961 Qui
323 3887 420 3946 eidem
439 3886 563 3945 solutori
590 3885 701 3945 debent
728 3884 793 3945 lieri

206 3992 262 4049 tuti
300 3988 331 4048 iu
368 3987 487 4047 nomina
520 3985 641 4047 Comitis
677 3987 792 4047 alberti

152 4110 181 4157 tto
209 4090 356 4153 lodi-onii

865 752 945 812 0890
959 768 1018 809 ror.
1037 745 1101 824 5¹1,
1116 762 1141 805 st

868 1155 943 1216 stat
962 1172 1022 1214 eor.
1038 1157 1072 1215 31
1092 1163 1127 1213 st.

850 1560 949 1620 tuear
963 1577 1023 1618 eor.
1039 1558 1079 1618 ⁰20
1093 1569 1129 1618 st.

868 1862 948 1924 0810
963 1880 1023 1922 cor.
1039 1862 1079 1921 20
1094 1873 1129 1919 st.

851 2068 946 2126 3042!
965 2083 1024 2124 eor.
1062 2066 1079 2124 5
1095 2075 1130 2124 sl.

866 2573 946 2630 ‘tout
961 2588 1020 2629 eor.
1038 2573 1078 2630 55
1093 2564 1128 2651 ’1,
1143 2582 1179 2627 st.

855 3078 1029 3137 tottocoa.
1109 3060 1112 3065 ’

851 3381 946 3440 asoti
966 3399 1026 3441 eor.
1044 3386 1056 3440 1
1078 3394 1113 3440 st.

870 3758 950 3844 61115
966 3803 1018 3844 eor
