3056 4856
638 481 742 578 (⁷)

170 785 346 865 Exemplum
371 787 446 850 bono
470 790 531 871 fide
560 794 777 871 transcriptam
802 815 839 855 ex
863 793 1035 874 provisione
1062 801 1088 851 et
1113 790 1200 852 titulo

210 883 300 967 rapio,
315 909 375 969 qno
389 893 534 954 Maiestas
547 895 634 974 naqa
647 892 786 976 Philippi
800 895 925 958 Domini
938 893 1035 954 nostri
1049 892 1200 953 constitnit

212 999 378 1070 pacatorem
400 991 654 1072 (solatorem'ipai
678 993 792 1074 dicunt)
815 997 867 1057 ani
889 995 1035 1056 exercitus
1058 992 1200 1053 Francia·

212 1112 276 1153 enm
290 1095 475 1172 Liaolrlinm,
491 1097 547 1176 qai
562 1095 669 1158 titulae
683 1095 858 1180 oleipnotue
872 1107 936 1158 erat
948 1096 1029 1175 rapio
1043 1094 1161 1156 nomine
1174 1101 1200 1153 et

213 1195 380 1274 reeopnitoe
409 1217 426 1254 a
454 1199 572 1257 loanne
601 1199 735 1280 Vnsquio
763 1199 922 1260 Solozorio
949 1216 1003 1259 ano
1026 1195 1198 1266 secretorio,

211 1292 344 1369 habehat,
360 1305 392 1356 nt
406 1298 566 1379 seqnitur.-

273 1531 453 1613 Exemplnm
476 1532 560 1596 titali
582 1536 753 1610 aneetoria
776 1534 930 1596 Francieci
950 1533 1098 1595 Liaoldii.

214 1720 368 1800 Philippus
391 1723 443 1783 uei
464 1724 558 1803 gratia
589 1727 651 1786 Rex
672 1706 823 1800 castellae,
848 1724 989 1804 Legionis,
1013 1718 1207 1801 Arragoniae,

173 1819 299 1880 duarum
315 1823 491 1897 Siciliarum,
505 1825 770 1903 lerosolymorum,
784 1826 941 1894 Navarrae,
957 1824 1111 1895 Granatae,
1122 1822 1202 1882 'lho-

119 1933 148 1980 10
174 1922 234 1997 leti,
249 1923 415 1997 valenciae,
431 1924 576 2001 Gallieiac,
599 1927 763 1999 Balearum,
787 1927 923 2006 Hispalis,
945 1924 1109 1999 Sardiniae,
1130 1926 1203 1985 Cor-

124 2074 128 2079 .
173 2021 280 2094 duhae,
313 2026 456 2103 Corugac,
484 2027 616 2100 Nartiae,
644 2028 758 2100 laemii,
794 2027 1012 2106 Algarbiorum‚
1045 2027 1205 2106 Algesirae,

173 2123 354 2197 Gibraltarii,
367 2125 532 2184 insularum
548 2126 698 2198 Canariae,
715 2127 868 2186 lndiarum
883 2127 1050 2188 insularum
1066 2135 1096 2186 et
1110 2126 1204 2196 conti·

175 2227 272 2285 nentis
292 2227 382 2286 maris
397 2227 525 2300 Oceanii‚
547 2228 652 2286 Comes
675 2227 888 2302 Barcinomiae‚
910 2226 1056 2287 Dominus
1079 2226 1205 2286 Biseaiaa

174 2339 203 2386 ct
218 2325 354 2400 Molinae,
368 2330 434 2387 Dux
452 2328 635 2389 athenarum
657 2342 686 2388 et
701 2330 887 2407 Neopatriaa,
902 2331 1007 2389 Carnes
1030 2328 1204 2388 Rosceltanii

119 2443 149 2489 45
174 2438 204 2485 ct
214 2428 376 2500 Sardiniae,
389 2428 519 2488 Marchio
530 2429 672 2488 Oristanii
689 2438 718 2488 et
729 2428 883 2501 Gossianii,
896 2429 1048 2488 archidux
1060 2432 1206 2499 lustriae,

177 2531 242 2588 Dux
258 2528 445 2608 Burgundiae
459 2540 488 2588 et
503 2530 677 2588 Brabantiae
693 2541 723 2589 et
744 2529 912 2600 Mediolani,
927 2530 1032 2590 Comes
1050 2530 1205 2590 Flandriae

174 2632 343 2708 ctTyrolis.

215 2732 360 2805 Quoniam
374 2731 491 2808 jussum
510 2740 554 2790 cst
569 2750 584 2788 a
601 2732 686 2791 nohis
702 2732 866 2791 exercitum
879 2733 974 2812 colligi
991 2733 1123 2811 peditum
1140 2741 1204 2792 tum

178 2833 372 2913 Hispanorum
389 2842 452 2891 tum
467 2832 683 2891 Germanorum
700 2844 729 2891 et
750 2832 1009 2911 cataphractorum
1032 2845 1063 2892 et
1084 2834 1205 2893 levioris

120 2943 151 2993 w
176 2946 343 2994 armaturae
363 2934 497 3009 equitum
519 2951 555 2991 ex
570 2932 710 2993 omnibus
732 2934 871 3013 gentihus
892 2935 928 2994 ad
952 2935 1094 3005 nonnulla
1110 2937 1204 2994 cultui

178 3037 230 3098 Dei
266 3049 295 3097 et
327 3037 448 3097 servitio
490 3044 591 3095 nostro
626 3046 824 3097 consentanea
862 3038 1141 3114 nominavimusqua
1173 3039 1204 3098 in

176 3150 311 3199 nostrum
340 3140 533 3217 praecipuum
565 3138 670 3198 ducem
700 3138 765 3198 eius
800 3139 947 3199 exercitus
983 3138 1204 3199 Ferdinandum

177 3239 316 3299 hlvarum
333 3259 347 3297 a
366 3239 467 3298 Toleto
484 3238 589 3297 ducem
607 3236 753 3297 Albanum
770 3236 946 3315 primarium
963 3239 1070 3298 domus
1086 3247 1206 3299 nostrae
1259 3242 1265 3255 ’

178 3340 361 3418 praelectum
376 3340 637 3415 consiliariumque
653 3339 747 3398 nostri
762 3349 856 3399 status
871 3349 900 3399 ct
915 3340 1078 3399 Antonium
1093 3340 1205 3399 Gallin-

120 3445 151 3492 95
177 3442 260 3501 dium
275 3442 470 3501 Carvaialium
486 3439 675 3520 Magdalenae
689 3441 960 3501 commendatorem
982 3442 1011 3500 in
1029 3442 1206 3518 primarium

177 3543 325 3604 exercitus
345 3542 544 3622 inspectorem
570 3552 743 3620 quaestores
766 3561 836 3602 vero
858 3542 1045 3620 alphonsum
1069 3542 1206 3602 Cantium

175 3653 207 3704 ct
220 3642 468 3721 christophorum
483 3643 520 3704 de
535 3643 708 3704 Castellanis
726 3654 755 3702 et
770 3643 799 3701 in
816 3644 1000 3721 provisorem
1015 3655 1045 3702 et
1060 3642 1207 3702 Comissa-

176 3745 255 3805 rium
270 3745 447 3823 primarium
470 3744 656 3804 Franciscum
679 3743 716 3802 de
738 3743 821 3802 thara
843 3763 910 3803 cum
932 3744 997 3804 aliis
1020 3743 1156 3823 personis
1178 3753 1209 3803 et

176 3845 349 3906 officialibus
364 3855 392 3905 et
414 3845 622 3905 commissariis
644 3845 795 3917 censoriis,
818 3845 944 3905 interest
967 3854 1120 3925 practerea
1144 3858 1208 3904 tum

120 3963 150 4009 aa
177 3946 288 4007 servitii
311 3947 403 4006 nostri
429 3957 491 4003 tum
513 3945 557 4004 roi
578 3953 709 4004 statuere
730 3954 759 4003 ot
781 3946 937 4005 nominare
959 3944 1059 4005 virum
1080 3945 1209 4021 aliquem

179 4066 302 4126 magnac
316 4047 384 4107 fidei
401 4049 430 4106 in
447 4065 556 4107 munus
571 4048 736 4124 quaestoris
752 4059 804 4106 aut
819 4045 961 4107 solutoris
976 4046 1110 4107 eiusdem
1123 4066 1211 4107 exer-
