3056 4856
740 401 867 500 (u)

275 602 312 661 ad
331 601 523 660 Thomasium
545 599 689 672 Fieseum,
710 599 861 676 quinqua-

276 702 356 777 ginta
369 700 449 759 mille
462 718 514 778 per
524 699 625 759 literas
640 699 809 778 Hieronymi
823 700 859 759 de

275 802 445 860 salamanca
465 799 501 858 ad
526 801 715 859 Franciseum
738 799 858 878 Aquila·

275 903 353 960 rium
369 904 486 976 Porrus,
500 914 620 961 eentum
636 902 716 961 mille
732 902 861 980 perlito·

277 1000 479 1071 rasloltannis
492 1002 615 1062 Coriolis
630 1001 735 1061 Thurii
747 1001 782 1060 ad
798 1001 861 1061 ilie-

275 1120 434 1180 ronymum
447 1103 589 1174 Pardum;
608 1114 756 1163 trecentos
770 1103 858 1172 mille,

205 1210 207 1215 ⁴
276 1203 325 1280 qui
348 1215 520 1282 supersunt,
544 1223 597 1282 per
616 1203 717 1264 literas
741 1203 859 1262 Lueiani

277 1304 466 1363 Centurionis
486 1316 516 1363 et
535 1304 693 1383 Augustini
717 1303 860 1381 Spinulae

276 1405 312 1463 ad
342 1406 557 1483 Hieronymum
590 1406 714 1465 Grillum
746 1414 775 1465 et
807 1407 860 1464 La·

277 1524 378 1563 aarum
425 1504 579 1581 Spinulam
626 1524 729 1565 mense
775 1505 861 1583 aprili

277 1607 401 1666 ttuttt
417 1609 467 1678 ll).
906 1607 1025 1666 tutata
1040 1623 1100 1664 eor.
1116 1605 1134 1663 6
1151 1617 1186 1664 st.

275 1756 278 1760 Α
310 1709 443 1765 ⁴Centum
456 1706 515 1765 duo
531 1706 609 1766 mille
621 1708 787 1784 octuaginta
802 1718 861 1765 tres

278 1818 433 1868 coronatos
454 1819 484 1867 et
504 1811 644 1868 tredecim
661 1808 790 1868 stuioros
808 1827 861 1886 pro

278 1910 436 1987 nonaginta
459 1920 487 1969 et
507 1921 573 1968 oeto
594 1910 674 1969 mille
700 1908 857 1974 coronatis,

277 2012 328 2088 qui
343 2010 457 2069 remissi
473 2018 541 2068 sunt
557 2028 593 2068 ex
609 2007 747 2085 Hispania
764 2009 792 2066 in
810 2009 856 2066 Bi-

276 2127 434 2168 sanzonem
450 2117 501 2166 aut
517 2114 689 2186 Augustam,
700 2127 734 2166 ex
746 2107 855 2184 quibus

278 2209 471 2286 quadraginta
490 2218 556 2268 oeto
575 2209 654 2267 mille
673 2210 786 2286 aceepit
807 2228 859 2286 per

276 2308 377 2367 literas
389 2309 497 2368 Nicolai
509 2309 650 2368 Grimaldi
662 2319 692 2368 el
708 2310 855 2368 Laurentii

277 2412 427 2488 spinulae,
442 2412 545 2489 viginti
560 2412 693 2488 quinque
709 2413 787 2470 mille
807 2431 859 2488 per

277 2512 376 2571 literas
390 2512 532 2571 iohannis
547 2513 671 2571 Coriolis
685 2513 801 2584 Tharrii,
816 2512 856 2569 ri·

277 2614 351 2691 giuti
366 2614 498 2690 quinque
513 2614 592 2673 mille
607 2632 662 2693 per
685 2615 785 2674 literas
804 2616 860 2674 Be-

277 2713 384 2773 nedicti
400 2713 522 2772 Gentilis
536 2723 566 2773 et
580 2713 731 2774 Barnabae
746 2715 857 2773 Centu-

277 2812 369 2872 rionis
398 2823 426 2872 et
452 2833 505 2891 per
530 2814 727 2893 chirographa
753 2816 860 2891 Regiae

277 2915 443 2975 Maiestatis.
453 2915 488 2973 Et
499 2916 638 2991 quottiam
652 2916 797 2991 praedicta
811 2935 860 2993 pe

277 3018 361 3076 eunia
378 3018 528 3094 exportari
546 3037 605 3078 non
622 3027 736 3094 poterat
752 3019 780 3077 in
801 3038 861 3077 eas-

278 3117 402 3176 trasiae
424 3117 565 3195 periculo,
580 3136 647 3177 eum
665 3137 762 3195 neque
784 3136 860 3196 opus

179 3217 182 3225 '
276 3227 354 3278 esset
376 3226 406 3277 el
427 3237 481 3295 per
500 3218 599 3279 literas
622 3218 653 3277 id
675 3219 740 3278 lieri
764 3228 864 3297 posset

277 3339 343 3379 eum
360 3319 486 3379 utilitato
500 3321 643 3395 pecuniae
658 3322 765 3399 regiae,
777 3339 859 3399 prae·

277 3419 372 3478 dietus
398 3418 458 3478 dux
482 3420 612 3479 Albanus
632 3421 731 3497 jussit,
752 3432 784 3478 ut
807 3439 860 3497 per

276 3522 375 3579 literas
396 3519 501 3579 cambii
525 3521 729 3580 remitteretur
751 3523 858 3579 Besan-

276 3639 349 3679 zone
366 3622 579 3697 Antwerpiam‚
601 3622 628 3680 id
648 3620 728 3698 quod
744 3621 853 3679 laetum

1188 3785 1303 3795 ιιι-.-

314 3882 352 3939 tlt
377 3884 410 3933 l.e
430 3885 531 3953 copisto
551 3901 564 3936 a
588 3886 637 3936 mis
660 3883 729 3934 l560
749 3901 783 3936 au
804 3884 856 3936 lieu
879 3884 912 3936 de
929 3881 1013 3943 teta·
1031 3900 1114 3950 voyoz
1129 3886 1305 3939 eidessous:

274 3978 388 4029 eiusdem
401 3980 466 4028 onrtt'
479 3976 554 4033 l567.
