3056 4856
561 495 742 594 ·(5)

576 931 607 990 S.
628 932 657 991 C.
680 932 713 990 lt.
737 932 773 990 tt.

212 1150 386 1208 Franciscns
400 1149 546 1211 bixaidius
558 1152 628 1211 dicit
638 1170 670 1211 se
681 1151 841 1212 inservisse
856 1153 980 1212 Vestrae

173 1250 316 1328 Mojestati
330 1250 361 1309 in
377 1250 473 1311 officio
488 1252 655 1329 quaestoris
670 1252 818 1313 exercitus
832 1251 980 1312 Fiandrici

173 1370 250 1411 axii
271 1351 370 1411 martii
392 1354 463 1413 anni
485 1355 522 1412 tt.
545 1356 580 1416 D.
604 1354 707 1413 bXVil
729 1354 761 1413 in
787 1353 869 1413 bunc
889 1372 982 1430 usque

133 1454 148 1501 ὅ
173 1453 252 1513 diem
267 1454 352 1531 (sunt
366 1455 437 1512 anni
453 1472 559 1514 novem
574 1473 641 1514 cum
661 1453 796 1535 dimidio)
807 1454 892 1532 juxta
908 1456 984 1514 tito-⁴

174 1555 235 1612 ium
257 1561 286 1612 et
300 1554 541 1626 instructionem,
554 1572 643 1631 quarn
666 1556 773 1614 Vestra
788 1554 923 1632 Majostas
938 1555 980 1614 iiii

169 1655 260 1733 jussit
281 1654 355 1725 dari,
377 1664 407 1714 et
428 1655 458 1714 in
481 1653 572 1732 hujus
598 1653 740 1735 temporis
761 1655 873 1715 maiore
895 1667 980 1734 parte

174 1754 270 1815 oravit
297 1773 385 1831 saepe
410 1756 546 1814 Vestram
571 1754 763 1832 Majcstatem,
793 1766 826 1814 ut
851 1756 981 1816 rationes

175 1855 279 1915 finales
294 1855 385 1914 totius
400 1854 571 1933 pecuniosa
586 1873 618 1914 se
629 1866 785 1934 susceptae
796 1864 826 1914 et
837 1855 981 1915 distribu-

120 1959 151 2007 40
177 1967 223 2017 tae
238 1958 267 2015 in
283 1954 453 2032 sumptibus
467 1954 538 2014 dicti
553 1956 701 2016 exercitus
719 1968 779 2015 tam
794 1956 982 2034 gubernante

176 2057 984 2134 duceAlbanoquamCommendatorebioioriCastiiiioe

177 2159 316 2235 usquein
333 2158 411 2217 iliius
432 2156 579 2216 obiturus
597 2176 628 2217 se
648 2159 863 2235 reciperentur.
880 2159 984 2236 Neque

179 2271 277 2320 tamen
300 2259 444 2318 haetenus
466 2260 573 2318 Vestra
590 2260 727 2337 Majestas
746 2278 926 2336 quemquam
949 2263 986 2319 ad

179 2361 209 2421 id
225 2361 403 2433 nominavit3
426 2360 478 2419 sed
501 2371 534 2420 ut
556 2369 666 2435 nosset,
688 2378 747 2437 quo
770 2363 799 2419 in
822 2372 900 2421 statu
923 2361 988 2421 iiias

123 2462 153 2508 tt
181 2462 313 2532 baberet,
334 2461 395 2521 dux
412 2460 543 2520 Albanus
562 2463 716 2521 constituit
737 2461 778 2521 itti
802 2464 988 2540 provisorem

179 2565 323 2622 loannem
350 2562 527 2634 lssuntium,
553 2563 604 2642 qui
633 2562 840 2640 perfunctorio
873 2571 988 2621 tuntum

180 2662 267 2723 modo
278 2681 327 2721 eus
341 2662 511 2740 inspiceret.
524 2665 551 2722 ls
566 2663 744 2722 auctoritato
760 2663 914 2721 literarum
931 2664 989 2720 ori·

178 2765 333 2843 ginaiium,
353 2781 427 2839 quas
449 2761 579 2823 babebat
593 2763 630 2823 ad
651 2765 681 2823 id
705 2765 839 2824 muneris
857 2782 991 2840 quasque

180 2866 206 2923 ei
237 2866 463 2942 representavit,
486 2865 583 2942 exegit
612 2874 642 2923 ct
670 2863 802 2923 diffinnit
828 2862 992 2940 praedictas

126 2973 156 3020 eo
182 2965 310 3025 rationes
333 2982 428 3039 usque
448 2964 485 3023 ad
501 2983 613 3023 annum
631 2965 808 3024 M.D.LXX1.
831 2964 863 3022 iu
883 2963 990 3023 barum

182 3067 332 3125 rationum
347 3063 546 3125 subductione
567 3066 683 3126 invenit
697 3068 835 3126 Vestram
857 3062 991 3144 Maiesta-

182 3178 242 3226 tem
277 3165 442 3226 debitorem
474 3167 668 3246 quadraginta
702 3167 836 3244 quinque
868 3166 993 3225 millium

181 3279 211 3326 ot
236 3265 357 3344 triginta
383 3267 513 3327 duorum
539 3281 764 3341 coronatorum,
789 3265 880 3344 idque
905 3267 995 3326 omis·

182 3368 222 3429 sis
262 3368 414 3427 nonnuliis
455 3369 620 3429 earundem
659 3369 811 3429 rationum
851 3369 995 3438 summis,

127 3485 158 3533 rs
183 3488 257 3546 quas
283 3487 344 3528 non
369 3468 497 3539 admisit,
524 3488 559 3529 eo
584 3469 665 3547 quod
689 3469 834 3529 diffinitae
860 3467 993 3526 nonduin

185 3578 280 3644 erant,
308 3569 559 3646 quemadmodum
589 3588 645 3648 per
672 3567 837 3648 praedictas
866 3568 995 3627 rationes

185 3685 215 3730 et
235 3670 468 3750 perfunctoriam
491 3688 595 3731 earum
619 3670 848 3730 subductionem
871 3679 995 3741 constat,

185 3789 274 3847 quam
303 3772 473 3849 praedictus
506 3773 651 3832 lssuntius
681 3773 760 3831 misit
794 3770 831 3830 ad
860 3770 995 3829 Vestram

186 3869 367 3946 Maiestatem
383 3871 602 3952 subscriptione
623 3873 754 3933 nominis
768 3871 813 3931 sui
836 3869 996 3929 confirma-

188 3981 257 4031 iam.

1041 3968 1142 4027 ibose
1159 3985 1218 4026 eor.
