3056 4856
645 441 756 542 (9)

178 644 395 724 quinquaginta
414 652 583 710 coronatum
605 651 634 701 et
654 641 757 721 viginti
776 641 908 718 quinque
929 642 1000 701 alios
1022 661 1076 719 pro
1096 642 1213 702 duobus

177 746 243 807 aliis
268 743 453 819 officialibus,
475 742 526 821 qui
548 741 599 803 tibi
618 742 677 801 sint
698 741 818 814 auxilio,
840 743 912 802 viris
933 741 1028 802 bonae
1050 742 1131 813 tidei;
1152 762 1211 821 quo

177 845 327 925 stipendia
349 843 490 905 fruamini
506 862 522 902 a
538 842 587 903 dic
604 844 740 903 datarum
759 842 866 901 harum
886 841 1040 902 literarum
1060 846 1090 902 in
1113 852 1211 920 posta·

178 964 258 1023 rom,
269 944 412 1024 quamdiu
425 943 594 1023 praedictus
608 944 754 1003 exercitus
766 942 930 1003 duraturos
945 934 1125 1002 sit.'Sut'rttita
1140 948 1214 1001 acto

177 1047 287 1108 horum
301 1044 518 1123 stipendiorum
534 1042 710 1103 admittatur
723 1042 807 1103 tabis
828 1053 858 1103 ot
874 1038 1023 1103 referatur
1035 1044 1065 1102 iu
1081 1044 1211 1102 tationes

179 1149 293 1207 virtute
308 1147 400 1206 huius
415 1145 495 1204 tituli
514 1155 567 1205 aut
586 1145 714 1223 exempli
737 1144 816 1204 illius
839 1134 1003 1204 authentici
1026 1143 1138 1220 absque
1151 1144 1210 1202 ullu

178 1249 234 1308 alia
257 1249 383 1308 ratione.
399 1244 603 1305 observabitis
627 1263 699 1306 varo
725 1245 753 1303 in
783 1264 836 1304 usu
858 1256 888 1304 et
912 1245 1052 1304 exercitio
1079 1244 1211 1303 muneris

180 1349 270 1408 vestri
285 1366 353 1407 eum
369 1341 531 1429 crdiuemss,
544 1345 596 1422 qui
612 1346 694 1405 vobis
710 1344 915 1405 instructionis
927 1343 1048 1405 nomine
1061 1344 1212 1405 exhibebi·
1254 1341 1313 1405 quot.
1325 1342 1348 1396 ⁶·

181 1463 230 1510 tur
244 1467 311 1509 cum
327 1448 374 1508 his
388 1446 483 1508 literis
498 1446 582 1509 datis.

377 1660 379 1665 ⁴
452 1662 586 1723 Madridii
599 1682 638 1722 xu
651 1662 748 1722 martii
761 1660 939 1723 ttntxvtt.

627 1807 686 1884 ago
701 1807 773 1865 Rex.

403 2010 462 2087 Ego
490 2008 619 2067 loannes
649 2008 796 2084 Vasquius
823 2009 996 2078 Salazarrua

434 2147 612 2207 secretarius
626 2147 793 2207 Catholicae
809 2147 965 2225 Majcstatis

508 2247 599 2325 ipsios
615 2247 696 2307 iussu
712 2247 800 2306 scribi
818 2248 883 2308 leci.

125 2500 154 2547 tt
224 2473 282 2547 ago
311 2470 417 2530 Petrus
442 2470 618 2546 Vctasquius
648 2470 743 2529 scriba
771 2469 871 2548 regius
892 2472 969 2529 Suac
995 2468 1152 2546 Mnjcstatis
1183 2469 1213 2526 in

182 2570 322 2631 omuibus
348 2569 447 2650 regnis
468 2580 498 2630 et
524 2568 664 2631 dominiis
690 2571 783 2647 ipsius
809 2569 1100 2648 transcripsi-alicua
1123 2589 1212 2629 manu

183 2690 322 2749 praesens
337 2670 507 2750 exemplum
520 2689 556 2730 ex
569 2672 655 2731 titulo
667 2671 814 2752 originali,
826 2690 893 2730 cum
906 2690 965 2748 quo
978 2670 1033 2730 l'uit
1046 2682 1212 2731 correctum

182 2784 212 2833 et
226 2772 446 2834 collationatum
462 2771 667 2849 praesentibus
687 2773 812 2831 Martino
828 2772 866 2831 dc
881 2772 1072 2851 Eguigurem,
1088 2771 1213 2831 Martius

182 2874 219 2934 de
233 2876 354 2934 Vinccta
377 2885 406 2933 et
429 2866 612 2933 Gundizalvo
638 2872 675 2933 dc
701 2873 844 2933 Redondo
866 2862 1052 2952 Antwarpiae
1075 2874 1213 2934 habitau-

127 2996 156 3044 20
183 2974 269 3044 tibus,
293 2973 343 3034 ubi
367 2974 593 3053 transscriptum
613 2983 657 3034 ast
678 2993 746 3033 xvur
765 2973 844 3052 junii
866 2975 1021 3047 ttutxxt
1042 2984 1072 3033 ct
1095 2985 1214 3051 petente

181 3077 286 3136 eudem
307 3085 464 3154 quaestore
489 3074 544 3135 ieci
567 3086 597 3135 et
618 3074 771 3153 obsignavi
796 3094 861 3134 meo
884 3076 967 3154 siguo
988 3086 1018 3135 et
1039 3075 1212 3135 confirmavi
1295 3096 1297 3100 “

183 3195 249 3237 mcc
264 3177 385 3237 nomine
400 3186 598 3253 praesentem.

829 3317 933 3375 Petrus
949 3315 1130 3392 Vctasquius.

222 3536 370 3616 Sequitur-
383 3533 548 3615 exemplam
561 3531 636 3595 buca
646 3531 708 3614 (ide
723 3534 942 3614 transcriptum
957 3552 993 3595 ce
1008 3535 1213 3609 instructione,

128 3654 158 3703 aa
183 3653 276 3718 quum
302 3632 448 3716 Mojcatca
474 3634 567 3715 Βορέα
588 3632 671 3694 deute
696 3635 850 3716 quaestori
876 3635 1035 3696 Franciaco
1064 3635 1213 3708 tltxautia,

62 3727 65 3733 ’
182 3734 218 3797 dc
243 3735 340 3813 modo,
363 3754 423 3817 quo
444 3744 518 3797 eracl
541 3733 813 3796 administraturus
832 3737 1022 3816 praedictum
1047 3736 1215 3819 quaestoria

181 3854 294 3897 manua
306 3840 452 3897 coercitus
466 3836 590 3916 Belqa'ci,
606 3855 683 3918 quac
696 3841 855 3898 instructio
866 3840 1045 3916 confirmata
1058 3850 1119 3897 emt
1131 3838 1213 3918 rcqio

182 3937 370 3999 acunumiae
388 3946 415 3998 et
429 3938 584 4019 recoquita
596 3956 652 4018 per
665 3939 815 3997 lucianam
838 3940 1005 4020 Vosquium
1020 3937 1215 4000 Salurcrinm

183 4038 380 4101 moratoriam
395 4043 520 4118 rentum.
