3056 4856
727 445 857 546 (⁷⁸)

285 643 434 721 stipendio
458 663 532 704 suae
558 663 701 722 personae
725 662 778 722 per
799 664 873 722 qua-

286 745 462 824 dringentos
476 745 637 822 nonaginta
653 744 713 804 duo
727 745 800 817 dies,
813 764 872 820 quo

287 846 344 906 tuta
360 846 391 905 in
407 864 440 905 ea
460 857 685 925 reoccupatus,
705 858 767 906 tres
793 847 872 906 mitte

286 950 456 1029 octuaginta
493 961 553 1010 tres
595 952 728 1009 coronati
770 950 874 1027 viginti

286 1061 416 1130 quatuor
429 1049 545 1111 stuseri.
913 1054 993 1114 5083
1007 1071 1069 1112 eor.
1084 1054 1123 1113 24
1138 1066 1176 1113 st.
1369 1071 1387 1117 5

319 1284 465 1369 Wartpelt
479 1291 631 1368 equitatus
648 1289 824 1350 Germanioi
839 1307 848 1352 .·

328 1470 395 1528 Dux
411 1469 512 1528 Erious
527 1470 749 1530 Brunsvieensis
764 1473 876 1548 aceepit

230 1599 234 1602 ·
288 1572 319 1630 in
335 1570 482 1650 Wartgeit
501 1571 537 1630 ad
560 1572 749 1632 militandum
765 1576 874 1650 Regiae

288 1670 432 1731 Maiestati
443 1690 510 1731 curu
522 1671 639 1732 duobus
651 1673 783 1732 miiiibus
795 1676 877 1752 eqni·

289 1782 352 1833 tutu
367 1792 383 1831 a
398 1792 406 1832 ι
422 1772 566 1832 februarii
580 1774 652 1832 anui
669 1775 757 1833 LXIX
779 1795 875 1851 usque

288 1874 326 1933 od
357 1894 395 1933 xv
421 1873 550 1951 januarii
574 1875 645 1932 anui
673 1875 746 1933 Lxx
780 1875 875 1935 tribus

290 1976 389 2034 talaris
402 1975 519 2052 triginta
532 1974 716 2036 stuserorum
731 1977 761 2035 in
777 1978 876 2055 singu·
939 2032 943 2037 .

289 2078 333 2134 ios
345 2074 382 2133 ad
394 2092 527 2134 mensem
541 2087 571 2134 et
581 2073 641 2133 dur
654 2076 827 2136 Franciseus
839 2078 876 2137 de

290 2179 443 2235 Saxonum
457 2175 536 2233 mille
547 2194 562 2233 a
575 2195 583 2231 ι
591 2174 722 2251 januarii
738 2176 873 2253 ejusdem

289 2278 359 2337 anni
377 2278 465 2334 axtx
481 2277 621 2352 usquead
637 2277 774 2336 ultimum
788 2279 872 2357 janu·

290 2379 342 2437 arii
376 2377 446 2436 anni
479 2378 551 2437 Lxx
587 2376 691 2436 eodem
726 2379 875 2457 stipendio

289 2498 387 2540 eomes
412 2479 560 2538 Palatinus
580 2478 722 2558 Georgius
744 2480 875 2541 loannes

289 2601 386 2642 comes
403 2580 616 2640 Horeideusius
629 2599 695 2639 cunr
712 2582 776 2640 aliis
794 2583 874 2641 mille

288 2681 325 2744 ab
340 2702 390 2743 vru
411 2683 479 2741 ruaii
497 2684 567 2740 anni
591 2682 703 2740 vartt
726 2681 877 2758 usquead

287 2804 327 2845 vu
348 2785 414 2861 julii
440 2781 626 2860 insequentis
651 2784 747 2843 tribus
778 2785 877 2843 talaris

289 2886 409 2963 triginta
428 2903 521 2943 unum
545 2883 728 2943 stuiororum
756 2886 785 2943 in
811 2886 873 2943 siu·

286 2987 386 3065 gulos:
396 2985 529 3044 essieiunt
540 2986 627 3044 simul
640 2986 800 3065 nonaginta
813 2988 873 3044 ‹iuo

289 3085 610 3165 miliequadriugentos
618 3087 768 3164 sexaginta
780 3106 873 3145 uuum

287 3196 441 3248 coronatos
470 3187 573 3266 viginti
602 3205 697 3245 ununr
734 3176 875 3258 stuieros‚

288 3308 364 3368 quae
379 3288 465 3348 solvit
480 3285 560 3346 idam
576 3287 699 3346 solutor.
916 3289 1011 3349 9246!
1031 3292 1139 3350 eonii
1160 3300 1198 3350 st.
1282 3349 1285 3353 .

328 3518 521 3581 Pensiouorir'
535 3517 644 3597 Βορέαο
659 3514 839 3579 Maiestatis

330 3698 491 3759 Marehioni
523 3696 629 3756 Joonui
663 3694 874 3755 Brundenbur-

287 3800 370 3879 gensi
386 3817 440 3878 pro
456 3798 598 3876 pensione
616 3797 704 3856 unius
718 3796 789 3855 anni
801 3815 816 3854 a
830 3797 877 3854 die

288 3902 338 3963 δι’.
374 3899 521 3960 Michaelis
557 3898 666 3958 mensis
699 3895 877 3976 septembris

286 4004 357 4063 anni
375 4002 499 4070 txvm,
514 4019 573 4078 quo
588 3999 708 4077 incepit,
724 4017 819 4075 usque
835 3998 872 4056 ad
