3056 4856
635 444 765 542 (1⁷)

181 653 267 704 natos
282 652 312 702 et
326 643 476 723 sexaginta
497 653 563 702 octo
581 642 699 716 solidos,
716 645 766 718 qui

182 752 346 824 supersunt
360 744 396 803 ad
416 744 669 821 complementum
685 763 768 822 prae·

182 848 329 907 dictorum
351 846 455 923 viginti
479 864 571 904 tinum
593 844 719 905 millium
741 860 771 907 et
858 852 860 855 '

183 948 312 1007 duonum
334 958 543 1006 coronatorum
560 946 601 1023 (i)
622 957 651 1007 et
671 956 768 1006 octua-

143 1068 157 1111 εὶ
181 1049 260 1127 ginta
277 1059 391 1124 septem
408 1048 622 1123 solidorum,in
639 1048 769 1127 praedic·

184 1161 213 1209 to
242 1152 338 1209 Leone
366 1151 456 1210 Sunio
485 1169 519 1208 ex
550 1150 704 1210 Dominico
732 1150 769 1211 de

185 1252 279 1309 Heron
302 1250 372 1309 item
393 1251 595 1310 commissario
613 1250 770 1311 alimento·

185 1370 262 1423 cum,
278 1351 328 1427 qui
343 1351 490 1410 aestimati
506 1351 626 1429 triginta
644 1370 694 1410 sex
710 1362 770 1411 stu·

185 1452 255 1512 ienis
280 1462 310 1511 et
333 1451 451 1512 duobus
474 1452 569 1512 tentiis
596 1453 704 1530 singuli
729 1454 765 1512 ad

128 1567 158 1613 to
185 1563 333 1612 monetam
356 1551 464 1611 honum
486 1559 618 1611 statuum
637 1552 771 1613 efficiunt

185 1653 289 1731 viginti
312 1653 392 1712 milie
418 1656 623 1731 septingentos
649 1654 768 1733 triginta

184 1774 233 1814 sex
249 1767 406 1813 coronatos
420 1772 470 1813 sex
487 1754 627 1817 stuieros.
807 1759 907 1818 2073ss
923 1779 982 1822 coc.
999 1761 1017 1819 6
1033 1770 1069 1820 st.

225 1855 411 1932 Quingentos
451 1855 665 1933 qninquaginta
709 1865 768 1915 tres

187 1956 266 2014 mille
291 1955 474 2033 octingentos
499 1956 693 2034 quadraginta
720 1975 770 2015 sex

128 2076 159 2120 aa
184 2063 340 2115 eononctos
355 2065 384 2114 et
398 2073 451 2114 sex
465 2055 595 2114 stuferos
608 2075 661 2134 pen
675 2055 771 2115 chino-

186 2156 298 2235 grapim
315 2158 423 2234 Regiae
438 2156 597 2216 Maiestatis
621 2167 649 2216 et
669 2158 770 2219 literas

185 2257 451 2317 commutationum
473 2257 633 2337 (cambium
652 2266 767 2331 vocant)

186 2359 373 2418 diversorum
410 2369 606 2419 mercatorum
636 2379 671 2419 en
706 2379 772 2420 sex-

185 2459 279 2518 centis
315 2458 395 2518 milte
429 2460 576 2518 coronatis
620 2462 770 2537 sexaginta

130 2576 161 2623 -20
186 2559 314 2618 ditonum
326 2577 496 2637 grossorum
514 2571 649 2619 monetae
665 2560 771 2620 honum

185 2669 318 2718 statuum
340 2659 369 2718 in
392 2661 533 2739 singulos,
553 2661 604 2737 qui
626 2680 662 2720 ex
683 2663 771 2741 regiis

187 2759 350 2819 rationibus
362 2761 478 2820 remissi
493 2770 563 2820 sunt
574 2781 609 2820 cx
619 2762 768 2841 Hispania.

187 2863 298 2920 tionum
324 2872 472 2920 trecentos
501 2862 579 2920 mille
611 2874 768 2922 coronatos

185 2962 297 3040 accepit
318 2961 375 3020 sub
400 2962 489 3021 finem
511 2962 578 3039 jutii
599 2972 629 3023 et
653 2964 769 3041 augusti

128 3076 160 3123 23
185 3062 319 3121 eiusdem
334 3067 404 3121 anni
420 3064 608 3132 uutxvtl,
631 3063 768 3124 videlicet

186 3175 304 3223 centum
318 3154 543 3248 quinquaginllta
557 3162 636 3223 mille
648 3183 770 3224 cotona·

187 3277 231 3325 tos
248 3286 301 3343 pcc
321 3265 420 3325 literas
439 3266 624 3325 Constantini
644 3266 768 3325 Gentilis

225 3603 266 3671 (i)
289 3604 339 3656 Pan
358 3603 500 3656 i’cddition
517 3604 564 3657 des
579 3612 670 3673 postes
685 3606 731 3674 qui
750 3612 811 3657 sont
824 3603 1027 3674 communiques
1041 3619 1075 3656 cti
1091 3610 1172 3665 texto,
1188 3620 1224 3656 on

187 3700 292 3752 obticnt
314 3700 338 3751 ia
361 3698 638 3761 sommode21‚002
661 3703 779 3754 coronati
802 3698 833 3749 81
860 3702 944 3753 solidi.
975 3697 1077 3760 214102
1104 3716 1156 3752 cor.
1184 3699 1226 3755 ide

127 3799 160 3847 :tu
188 3796 225 3845 56
240 3792 272 3861 Ἰ,
290 3793 367 3860 stuf.)
383 3799 409 3846 ÷
424 3791 456 3840 ot
479 3796 556 3846 solidi
569 3796 659 3847 vatent
679 3802 774 3848 :nutant
795 3811 847 3865 que
860 3794 962 3860 inno
973 3811 1023 3847 cor.
1036 3796 1081 3865 (dc
1095 3794 1129 3844 59
1150 3792 1228 3861 stus.)

191 3897 216 3946 ÷
231 3889 264 3939 54
280 3890 345 3956 stuf.
360 3886 437 3940 tout
451 3890 485 3941 de
499 3906 622 3943 nouvcau
640 3907 692 3943 unc
706 3891 854 3944 diiie'nence
868 3899 944 3944 entre
964 3893 987 3943 tc
1007 3907 1110 3944 sommo
1128 3891 1227 3958 mangi·

189 3986 248 4037 naic
262 3992 289 4036 et
302 3984 368 4037 celte
381 3983 427 4036 des
442 3992 532 4053 postes
545 3987 580 4036 du
597 3992 678 4038 texte.

1071 4110 1093 4172 Σ)
