3046 4836
647 463 804 564 (tor)

212 663 429 755 {crumilquos
453 663 549 723 dietus
571 663 684 722 solutor
705 661 830 722 exsolvit
852 663 887 720 ad
912 661 1022 721 belluna
1049 658 1240 738 piraeteriturn
1262 669 1320 731 aad.
1334 670 1371 720 ta.

210 770 350 844 (auorum
365 767 443 826 nulla
456 766 544 825 babet
555 768 675 843 scripta)
686 782 721 822 cx
736 763 889 823 erroribus
901 762 1026 821 calcalia
1035 759 1243 838 quaestoribus

212 868 306 941 lactis,
318 877 490 943 quiaestores
502 884 573 926 vero
586 885 649 926 earn
663 883 809 925 saturnum
822 864 863 923 illi
876 862 1067 924 deduxerunt
1081 861 1112 921 lu
1127 861 1243 941 seriptis

212 969 266 1046 ipsi
284 969 320 1027 ab
336 968 378 1027 eis
392 968 478 1027 datis.

170 1082 186 1129 t
252 1071 334 1143 Quae
351 1070 449 1129 onmia
475 1080 540 1129 orat
567 1071 701 1128 Vestram
730 1068 937 1127 Excellentiam
965 1069 1104 1146 dignetur
1125 1065 1243 1145 jubere,

212 1182 244 1229 ut
260 1171 299 1228 illi
316 1169 514 1234 admittantur
529 1169 565 1227 ad
581 1169 711 1229 rationes
733 1177 763 1227 ct
785 1168 895 1228 dentur
911 1169 950 1227 illi
967 1168 1004 1227 dc
1019 1169 1055 1228 iis
1071 1166 1241 1227 authentica

211 1280 240 1328 ct
264 1270 419 1328 dilliuitiva
434 1269 554 1348 scripta,
570 1289 637 1328 cum
660 1288 787 1348 experrsa
812 1271 872 1329 sint
898 1270 927 1327 in
953 1268 1042 1328 rebus
1067 1267 1241 1328 necessariis

210 1386 237 1432 rt
253 1371 484 1441 inevitabilibus,
500 1390 556 1447 qua
572 1371 600 1429 in
618 1389 651 1429 re
666 1370 818 1447 aecipiota
836 1373 940 1429 Vestra
956 1369 1134 1428 Excellentia
1158 1387 1241 1427 suni-

212 1492 291 1532 iriam
310 1472 496 1542 beneficiam,
511 1484 540 1531 et
553 1483 584 1530 ut
602 1473 704 1530 Vestra
721 1472 895 1531 Excellentia
912 1470 952 1529 illi
963 1471 1067 1549 jubeat
1081 1471 1144 1529 dari
1160 1470 1239 1528 aliud

155 1588 184 1636 to
209 1575 353 1652 scriptum
379 1575 611 1650 recognitorium
642 1574 768 1632 sedecim
799 1574 922 1632 millium
952 1584 1160 1632 coronatorum
1186 1584 1239 1631 aut

209 1676 336 1746 circiter,
348 1693 423 1752 quos
435 1674 516 1734 dedit
528 1683 632 1733 riantuo
644 1684 673 1733 et
686 1676 714 1733 in
730 1674 895 1734 subsidium
913 1675 1056 1733 militibus
1071 1675 1105 1732 ad
1122 1694 1240 1753 canipa·

211 1778 300 1835 tanda
318 1796 399 1835 arma
416 1788 444 1836 et
461 1777 572 1852 reliqua
589 1777 763 1845 necessaria,
787 1784 818 1834 at
840 1774 960 1853 prodire
984 1787 1102 1851 possent
1118 1776 1147 1834 in
1163 1795 1241 1834 eanr-

212 1897 281 1955 pianr
293 1878 329 1936 ad
347 1877 505 1956 praeterita
522 1876 640 1954 praelia,
652 1894 719 1934 cum
735 1875 882 1954 stipendia
899 1875 955 1935 illis
966 1894 1033 1934 sero
1045 1877 1239 1946 solverentur,

210 1993 237 2038 et
260 1981 296 2039 de
318 1980 463 2057 ejusmodi
486 1978 625 2037 subsidiis
653 1980 756 2037 Vestra
786 1977 962 2037 Excellentia
991 1977 1077 2052 cauit,
1112 1996 1149 2037 no
1186 1979 1241 2037 illis·

154 2087 183 2134 aa
210 2083 367 2158 quiequam
383 2080 595 2141 detraheretur
608 2081 636 2136 in
650 2077 711 2137 suis
725 2077 893 2157 stipendiis,
907 2080 1075 2139 celarentur
1090 2092 1188 2138 autern
1204 2080 1241 2138 ad

212 2182 340 2241 rationes
355 2181 495 2260 partiuar,
512 2188 544 2238 ut
560 2180 616 2239 illis
631 2180 851 2238 deducerentur
865 2179 976 2238 virtute
992 2180 1145 2240 literarum
1162 2201 1241 2241 reeo-

208 2284 406 2362 gnitoriarurn
421 2283 587 2353 solutionis,
601 2302 669 2342 euru
686 2283 813 2342 rationes
828 2302 895 2343 curn
912 2284 983 2362 ipsis
998 2283 1167 2346 finirentur.
1202 2309 1205 2314 ·

231 2485 417 2563 Responsum
434 2481 520 2542 dacis
535 2478 649 2541 Albani
669 2479 708 2541 od
730 2479 975 2562 supplicationem
991 2484 1218 2562 praecedentem.

153 2596 183 2643 aa
212 2583 423 2644 l'crdiuandas
435 2581 562 2643 Alacres
578 2603 596 2641 o
615 2580 734 2643 l'lroleto
747 2585 818 2641 Duc
830 2581 965 2643 Albanas
981 2581 1119 2644 Morclu'o
1132 2583 1241 2645 Cariae

209 2685 305 2746 maior
316 2682 485 2767 praefertas
497 2682 602 2744 domas
618 2683 726 2763 Rapiae
741 2684 910 2745 Maiestatis
925 2693 951 2744 et
975 2684 1039 2764 aas
1057 2682 1241 2767 paboraator

208 2795 233 2844 et
245 2788 308 2846 dam
322 2789 468 2867 pancratis
481 2792 513 2846 in
523 2791 588 2847 saia
598 2785 723 2846 statibus
740 2788 765 2844 F
765 2784 912 2846 landrice.

248 2889 320 2947 Cum
336 2890 451 2948 solutor
464 2889 634 2947 Franciscus
648 2887 795 2946 Lixaldius
806 2886 949 2948 obtulerit
962 2888 1048 2948 nobis
1064 2890 1241 2967 praeceden-

209 2998 267 3047 tem
283 2988 529 3067 supplicationem
550 3007 664 3064 nosque
684 2989 821 3061 oraverit,
847 2997 881 3047 ut
904 2989 1118 3049 animadversis
1143 2991 1240 3051 causis

153 3102 182 3149 aa
210 3102 267 3148 tam
294 3088 478 3167 urgentibus,
493 3108 568 3169 quac
593 3108 660 3148 eum
687 3090 897 3168 compulerunt
921 3091 959 3150 ad
984 3110 1129 3171 expensas
1152 3092 1183 3152 in
1206 3113 1240 3153 oa

208 3192 341 3249 recitatas
358 3192 395 3249 ita
414 3190 582 3265 postulante
598 3192 784 3269 negotiorum
796 3191 986 3268 expeditione
999 3205 1030 3252 et
1046 3195 1177 3254 muneris
1194 3197 1239 3255 sui

207 3292 354 3363 exercitio,
366 3291 507 3366 jubemus
524 3291 565 3349 illi
581 3291 721 3371 exbibere
740 3294 895 3369 scriptum,
913 3293 998 3372 cujas
1015 3293 1116 3372 vigore
1130 3295 1240 3355 adurit·

208 3403 308 3450 tantur
324 3390 364 3450 illi
379 3392 415 3450 ad
432 3393 562 3450 rationes
578 3394 777 3470 praescriptae
792 3412 935 3467 summae,
951 3394 1190 3474 quandoquidem
1206 3414 1239 3454 re

121 3520 124 3526 ·
208 3513 275 3553 vcra
289 3496 337 3553 ille
349 3495 489 3571 expendit
504 3507 533 3553 ct
549 3493 700 3554 distribuit
712 3497 741 3553 in
755 3496 797 3554 eis
809 3496 910 3568 rebus,
924 3516 1001 3572 quac
1017 3499 1047 3555 in
1064 3497 1134 3574 ipsis
1154 3516 1239 3556 sum·

152 3610 182 3658 30
209 3597 264 3655 uris
288 3598 487 3667 declarantur,
512 3607 601 3672 atque
626 3595 698 3655 adeo
724 3598 862 3657 convenit
888 3597 923 3656 ad
949 3598 1105 3657 servitium
1130 3599 1239 3674 Regiae

209 3697 374 3771 Maiestatis,
400 3707 432 3755 ut
457 3698 804 3774 inspicianturdistinete
831 3710 861 3757 et
886 3699 1104 3776 particulariter
1120 3699 1238 3777 negotio

206 3799 274 3857 dato
289 3801 353 3858 viro
368 3799 453 3857 alicui
470 3802 618 3877 praeclaro
634 3808 663 3857 et
679 3799 785 3858 barum
802 3819 901 3858 rerum
924 3800 1106 3878 experientia
1130 3810 1159 3860 ct
1179 3799 1240 3861 lide

206 3903 348 3975 praedito,
361 3910 394 3959 ut
405 3900 557 3959 subductis
571 3919 672 3958 aarum
685 3919 870 3959 summarum
884 3900 1048 3960 rationibus
1060 3921 1091 3960 ea
1105 3912 1239 3981 excepta,

205 4020 279 4077 quae
294 4001 499 4062 deerraribos
524 4001 626 4060 calculi
650 4013 709 4071 est;
726 4021 825 4061 rerum
852 4003 985 4062 omnium
1013 4003 1138 4063 aliarum
1165 4003 1238 4063 liant
