3056 4856
643 457 772 553 (55)

201 679 288 721 suum
308 660 418 719 horum
437 667 568 718 statuum
586 650 649 719 loco
672 670 786 717 vetera-

201 780 320 836 norum,
332 759 384 838 qui
398 779 433 820 cx
449 760 507 819 iilis
520 759 673 838 praesidiis
689 761 788 819 mitte-

201 865 314 927 hantur
348 863 379 921 in
414 871 519 934 castra,
540 861 578 921 dc
609 862 717 938 quibus
751 861 781 920 in

162 1028 176 1074 t
203 964 391 1045 praecedenti
416 981 532 1022 summa
557 963 668 1024 dictum
698 971 751 1025 est.
767 965 789 1022 ti

201 1067 378 1143 inceperunt
397 1082 514 1124 mercrc
533 1073 621 1141 atque
636 1064 785 1124 amandati

202 1175 274 1228 suut
297 1164 423 1226 diversis
449 1160 645 1244 temporibus,
666 1185 785 1244 accepe-

203 1278 272 1327 runt
297 1284 368 1325 vcro
391 1284 459 1324 cum
484 1266 735 1345 gubernatoribus
758 1278 787 1325 et

203 1368 364 1448 capitaneis
386 1366 422 1426 ad
447 1368 578 1428 rationes
602 1367 648 1428 sui
675 1369 788 1447 stipen-

205 1468 245 1529 dii
265 1470 415 1547 sexaginta
436 1488 486 1529 sex
509 1469 589 1529 milio
612 1469 790 1548 quingentos

164 1541 180 1588 ⁰
206 1571 355 1649 sexaginta
368 1570 443 1630 duos
454 1581 647 1631 coronatosct
661 1580 790 1647 quatuor

206 1669 345 1742 stuicrm,
367 1689 402 1729 ex
428 1669 474 1729 his
499 1668 600 1730 decem
626 1682 655 1730 ct
677 1681 790 1747 septem

208 1772 287 1832 miiie
315 1779 469 1831 sexcentos
499 1769 695 1850 quadraginta
730 1783 795 1831 octo

207 1884 363 1933 coronatos
374 1872 477 1952 viginti
492 1882 605 1951 septem
618 1873 747 1933 stuieros
759 1873 789 1931 in

209 1994 308 2056 pauno
336 1975 414 2053 apud
449 1984 637 2048 mercatores,
664 1972 793 2052 quadra·

152 2050 181 2096 ⁴⁵
206 2077 288 2157 ginta
308 2094 379 2135 vero
400 2084 465 2135 octo
482 2075 561 2135 miiic
581 2086 749 2153 nongentos
764 2087 794 2134 et

208 2179 336 2240 sedecim
365 2186 522 2237 coronatos
550 2185 579 2237 et
607 2178 709 2238 decern
742 2196 792 2236 ser

208 2281 348 2351 stuieros
369 2279 419 2355 qui
441 2289 613 2355 supersunt,
630 2279 668 2338 ab
690 2278 794 2340 eodem

209 2383 350 2453 solutore,
361 2390 390 2441 et
400 2380 543 2457 quoniam
554 2380 676 2458 reliquis
688 2399 724 2440 er
736 2377 794 2440 iilis

209 2503 269 2545 non
283 2483 340 2544 iuit
354 2502 389 2542 er
402 2483 518 2559 integro
530 2482 659 2542 solutum
672 2491 702 2542 et
713 2482 795 2542 debi-

209 2595 308 2646 torum
320 2594 391 2644 suut
401 2583 537 2644 diversae
551 2602 686 2643 summae
697 2592 795 2661 nequo

209 2687 307 2747 adhuc
348 2685 471 2746 omnino
506 2694 654 2758 constant,
686 2684 794 2744 reicrri

210 2789 361 2869 speciatim
377 2787 425 2847 hic
441 2806 499 2847 uon
516 2789 620 2865 potuit.
837 2786 937 2844 tsutr
952 2801 1011 2841 cor.
1031 2784 1067 2840 to
1083 2792 1118 2840 st.
1139 2780 1181 2858 (i)

153 2550 183 2596 uu

210 2986 400 3064 Stipendium
425 2990 560 3066 equitum
585 2985 792 3064 Hispanorum

251 3085 401 3148 italorum
412 3099 438 3148 et
448 3084 661 3148 attaminatum
675 3081 795 3145 leuioris

156 3152 187 3199 Ἃ
253 3197 447 3250 armaturae.-

253 3353 361 3411 Dccem
374 3359 404 3410 ct
415 3368 521 3410 novem
535 3357 649 3408 turmae
661 3345 795 3422 equiturn

212 3452 332 3514 levioris
345 3463 514 3511 armaturae
530 3448 730 3526 Hispanorum
742 3446 795 3504 ita·

213 3556 310 3614 lorum
326 3562 356 3612 ct
370 3550 581 3611 Albonensium
597 3567 665 3609 eum
681 3566 713 3606 ea
725 3545 797 3606 sclo-

251 3819 293 3891 (i)
313 3820 350 3874 Le
368 3819 470 3888 copistc
489 3834 504 3870 a
524 3816 635 3870 commis
648 3815 681 3866 ici
693 3814 765 3866 deux
777 3813 873 3868 iautes.
889 3813 908 3865 ΙΙ
922 3829 937 3867 a
952 3813 1003 3866 mis
1021 3837 1031 3860 u
1048 3814 1158 3866 sedecim
1172 3831 1244 3868 coro·

159 3912 189 3958 ³⁰
213 3917 298 3971 noti·
327 3931 362 3969 tut
381 3913 484 3968 iicudc
513 3912 664 3964 arcticum
677 3912 796 3962 coronati
810 3931 836 3963 a.
857 3910 895 3962 En
914 3915 992 3977 outre
1005 3909 1023 3960 ii
1039 3906 1096 3962 taut
1109 3910 1160 3963 lire
1175 3927 1243 3980 pour

215 4014 241 4066 lc
253 4027 355 4066 somme
367 4009 535 4079 marginata:
552 4002 657 4071 68,Μὸ
667 4021 753 4057 coron.
769 4002 804 4054 id
819 4005 884 4072 stuf.
