3056 4856
652 416 781 516 (tt)

201 623 277 679 imus
308 617 362 678 tibi
398 617 594 686 committere,
623 615 874 692 quemadmodum
903 618 1109 695 praesentibus
1136 620 1229 681 literis

200 719 423 792 committimus,
440 716 656 793 praedictorum
673 717 822 775 rationum
845 717 1045 795 receptionem
1061 727 1150 795 atque
1165 740 1230 780 aes-

200 819 382 879 timationem
397 837 412 876 a
430 816 580 894 praedicto
601 825 769 894 quaestore,
785 826 815 875 et
829 816 883 875 tibi
899 818 981 896 regio
997 818 1118 878 nomine
1132 820 1228 899 impe-

198 940 308 992 ramus,
334 928 367 977 ut
391 920 484 978 accim
512 937 611 977 coram
637 929 665 977 te
690 917 841 994 praedicto
868 929 1025 995 quaestore
1050 920 1228 981 incumbatis

145 1038 159 1083 5
192 1021 367 1099 praedictae
391 1019 590 1080 aestimationi
615 1037 668 1095 per
692 1036 796 1078 omnes
822 1038 954 1079 summas
979 1021 1058 1083 illius
1083 1021 1175 1083 debiti
1199 1036 1229 1082 et

197 1120 409 1180 distribution
436 1136 469 1177 eo
496 1127 642 1195 tempore,
662 1136 731 1195 quo,
756 1118 1007 1193 quemadmodum
1036 1120 1230 1194 dictumest,

199 1223 310 1298 incepit
338 1220 484 1280 inservire
513 1220 543 1277 in
572 1219 722 1298 praedicto
747 1218 843 1278 officio
873 1238 967 1296 usque
995 1221 1026 1279 in
1055 1220 1145 1294 diem,
1168 1241 1229 1299 quo

201 1322 319 1392 linietis,
334 1340 383 1380 eas
398 1320 602 1380 examinantes
624 1329 654 1378 et
670 1319 856 1378 verificantes
872 1323 1050 1400 perscripta
1066 1322 1229 1402 originalia,

200 1442 275 1500 <puae
291 1425 326 1481 dc
341 1421 414 1499 ipsis
428 1420 578 1493 habuerit,
590 1439 686 1497 usque
701 1420 737 1479 ad
750 1421 867 1497 plenam
881 1422 1016 1480 omnium
1028 1441 1131 1482 earum
1143 1425 1229 1483 satis·

147 1527 175 1572 to
201 1524 407 1595 factionetn,et
420 1534 452 1582 ut
464 1521 575 1598 liquide
587 1534 738 1600 appareat,
750 1523 822 1598 quid
835 1523 926 1582 altera
939 1543 1008 1602 pars
1018 1526 1102 1585 alteri
1114 1525 1228 1586 debeat.

200 1626 282 1697 Quae
295 1625 395 1683 onmia
410 1623 484 1684 fient
499 1624 701 1701 perfunctorio
717 1633 833 1682 tautum
846 1625 980 1684 modoad
995 1628 1229 1687 aestimationem

200 1727 348 1785 ratiotium
364 1743 424 1784 non
441 1724 569 1783 discissis
584 1735 634 1782 aut
649 1725 816 1784 canceltatis
833 1724 991 1803 praedietis
1004 1730 1131 1806 seriptis,
1154 1748 1230 1805 quae

198 1827 329 1901 alioquin
343 1824 380 1884 ad
401 1834 533 1884 nostram
555 1843 657 1883 earum
679 1843 782 1884 rerum
802 1827 1030 1887 instructionem
1049 1837 1079 1887 et
1097 1830 1230 1888 satistae-

201 1928 310 1984 tionem
327 1929 393 1984 usui
408 1925 494 1984 nobis
510 1944 573 1984 esse
588 1924 706 1984 debent.
724 1927 877 1986 Praesenti
893 1928 992 2004 itaque
1007 1929 1118 2007 scripto
1133 1930 1229 2008 impe-

147 2037 175 2084 ts
200 2045 301 2085 ramus
318 2025 466 2104 praedicto
481 2027 639 2102 quaestori,
655 2037 689 2085 ut
703 2045 734 2086 se
756 2027 839 2086 sistat
854 2047 954 2088 eoram
971 2040 1000 2088 tc
1013 2048 1081 2088 eum
1098 2031 1229 2108 praedie-

201 2128 237 2186 tis
253 2127 417 2185 rationibus
432 2139 462 2186 et
481 2127 598 2204 seriptis
616 2135 645 2184 et
663 2126 781 2186 intersit
801 2128 967 2206 praedictae
989 2131 1184 2189 aestimationi
1200 2143 1230 2191 et

200 2227 384 2304 liquidationi
399 2229 440 2287 eis
456 2226 641 2304 temporibus
653 2237 683 2287 et
695 2227 786 2302 boris,
801 2248 874 2305 quas
885 2229 922 2288 ad
935 2229 964 2288 id
977 2231 1016 2288 iiii
1030 2232 1229 2306 constitueris,

199 2334 310 2404 absque
323 2330 404 2387 utilio
415 2328 541 2387 defectu.
553 2328 639 2402 Quod
653 2330 736 2389 vobis
752 2330 946 2410 injungimus,
959 2341 993 2391 ut
1004 2331 1055 2392 fiat
1066 2352 1134 2393 eum
1147 2335 1229 2393 omni

200 2430 354 2504 brevitate,
371 2439 402 2488 ut
423 2431 595 2506 expediatis,
617 2430 807 2507 quambrevi
828 2432 893 2492 fieri
918 2445 1026 2511 posset.
1045 2437 1229 2512 imperamus

145 2540 174 2585 uo
201 2540 351 2607 practerea
374 2530 588 2610 Christopboro
610 2533 647 2592 de
664 2533 837 2592 Castelianis
858 2544 887 2594 et
908 2534 1060 2612 alphonso
1076 2536 1230 2595 Aiatnedio

199 2632 407 2708 qttaestoribus
422 2633 564 2710 stipendii
581 2633 723 2711 praedicti
739 2635 896 2706 exercitus,
913 2647 945 2694 ut
960 2635 1012 2694 bas
1027 2637 1083 2714 ipsi
1100 2637 1230 2697 rationes

200 2733 331 2793 referant
345 2734 374 2792 in
397 2734 489 2793 libros
508 2734 648 2814 stipendii
669 2736 812 2812 praedicti
834 2735 989 2806 exereitus,
1010 2755 1084 2812 quos
1102 2738 1182 2814 apud
1199 2757 1231 2798 se

201 2835 321 2908 babent,
335 2848 365 2895 ct
387 2836 439 2894 tibi
454 2836 582 2896 reddant
603 2857 722 2897 omnem
745 2839 892 2897 rationem
912 2849 963 2897 aut
982 2839 1112 2898 rationes
1126 2859 1230 2899 earum

199 2954 385 2995 summarum
400 2935 436 2994 ad
451 2937 616 3014 praedictas
631 2939 761 2998 rationes
779 2940 1005 3017 pertinentium,
1017 2958 1090 3016 quas
1105 2939 1143 2998 ab
1158 2939 1231 3018 ipsis

145 3039 174 3087 95
201 3035 320 3109 petieris
336 3036 556 3114 habuerintque
578 3039 608 3097 in
628 3040 689 3098 suis
704 3038 799 3114 libris,
814 3039 928 3116 absque
944 3040 1004 3098 ulio
1018 3038 1232 3118 impedimento

199 3146 250 3193 airt
275 3135 424 3208 ditatione,
453 3147 482 3196 et
507 3149 539 3197 ut
566 3139 664 3199 neutri
693 3148 825 3199 vestrum
854 3139 941 3199 aliter
971 3140 1094 3201 faciatis.
1124 3143 1232 3200 Datum

201 3237 354 3296 Brusseliis
368 3256 398 3297 m
412 3237 514 3316 apriiis
529 3241 685 3298 untxxt.
721 3282 723 3287 ·

242 3341 305 3396 Dux
321 3338 462 3398 Albanus.
