3056 4856
767 443 895 542 (5⁰)

357 774 507 831 EXPENSUM
524 792 584 832 SiVE
600 793 787 834 aestumetur
807 796 839 834 tx
856 796 1010 836 putentem
1029 798 1148 837 uectum
1164 796 1280 839 pecuum

307 940 495 1019 Stipendium
517 944 601 1001 ducis
622 949 768 1005 exereitus
791 947 901 1004 (lucum
922 948 1140 1022 primariorum
1162 955 1293 1030 equitum
1313 961 1340 1010 et

344 1038 477 1117 peditum
501 1045 709 1122 Hispanorum
732 1055 759 1104 et
785 1044 918 1105 uiiorum
941 1044 1116 1127 officialium
1140 1051 1291 1110 maiorum
1313 1062 1339 1111 et

346 1160 508 1202 munorum.

343 1314 416 1373 Duui
439 1313 552 1374 Albano
577 1333 718 1392 supremo
743 1318 889 1375 exereitus

302 1415 370 1473 duci
386 1433 440 1491 pro
451 1415 599 1492 stipendio
611 1433 681 1474 suae
697 1434 842 1492 personae
856 1431 886 1475 ut

301 1517 554 1594 statusaraprilis
569 1516 640 1574 anni
657 1518 770 1576 txvut
786 1519 824 1595 (t)
839 1538 885 1576 us-

299 1633 357 1692 que
373 1617 402 1674 in
420 1616 509 1676 finem
524 1617 641 1695 augusti
655 1635 733 1690 exui,
744 1619 823 1694 quod
836 1622 884 1676 sti-

297 1717 440 1792 pendium
460 1729 523 1776 erut
542 1719 621 1776 mille
637 1718 834 1777 ducentorum
853 1730 883 1778 et

295 1819 881 1897 sexagintaeorouatorumsinguiismen-

295 1918 377 1977 sibus
392 1918 512 1995 triginta
529 1936 634 1977 novem
650 1919 770 1978 stuieris
785 1932 814 1978 ot
828 1940 877 1979 sex

294 2020 388 2078 obolis
403 2021 433 2077 iu
449 2019 581 2097 singulos
596 2032 752 2079 coronatos
769 2021 876 2080 deduc·

296 2123 333 2179 tis
354 2120 494 2179 tredecim
518 2121 665 2178 coronatis
684 2131 713 2177 et
735 2121 875 2180 tredecim

293 2219 425 2292 stuseris,
437 2219 489 2294 qui
500 2219 680 2277 amittuntur
695 2222 724 2278 iu
740 2222 874 2280 ducentis

294 2322 414 2398 triginta
444 2339 503 2379 uno
531 2322 678 2380 coronatis
702 2331 820 2382 eentum
848 2335 877 2382 et

291 2422 392 2479 ducem
409 2419 570 2479 solidorum
587 2420 875 2494 Mediolaniensium,

289 2522 340 2597 qui
356 2522 504 2579 numerati
525 2532 596 2580 sunt
610 2523 678 2580 duui
694 2534 722 2581 et
739 2524 870 2583 satelliti·

287 2623 343 2682 bus
355 2623 647 2701 custodiaeoorpuris
659 2642 713 2700 pro
723 2626 871 2702 stipendio

285 2726 374 2783 unius
407 2725 527 2793 mensis,
555 2734 692 2800 superest
720 2728 870 2801 sexaginta

283 2845 333 2884 sex
363 2826 495 2883 eo'ronati
532 2836 644 2899 septem
680 2825 785 2883 stuieri
818 2845 867 2884 sex
1343 2843 1374 2888 un

282 2926 361 2985 oboli
376 2927 425 3003 (6).
912 2929 1011 2989 66766
1026 2949 1085 2990 eor.
1102 2937 1119 2991 7
1135 2943 1170 2992 st.
1188 2938 1205 2992 6
1221 2935 1259 2992 ub

323 3026 471 3085 Friderieo
499 3025 535 3082 de
573 3024 697 3083 Thoieto
726 3027 867 3103 primario

281 3129 348 3187 duci
359 3126 493 3204 peditum
505 3124 734 3205 Hispanieurum
745 3137 774 3184 et
788 3128 864 3185 vices
896 3183 898 3188 .

278 3228 377 3307 agenti
385 3226 518 3303 ejusdem
530 3227 613 3284 dneis
622 3225 728 3284 Albani
742 3227 768 3283 in
782 3245 864 3285 exer-

277 3332 336 3390 eitu
353 3348 408 3408 pro
424 3325 572 3402 stipendio
587 3344 656 3383 suae
672 3343 816 3399 personae
830 3337 860 3385 et

274 3443 367 3492 status
383 3448 398 3487 a
420 3448 428 3484 ι
449 3425 573 3504 Augusti
588 3425 658 3483 anni
676 3427 792 3486 exvllt
811 3447 859 3486 us·

279 3614 520 3630 μ’...μ--α-ο,
838 3613 1020 3624 *ια-...ιυ-
1025 3617 1239 3631 oen-..Qum
1253 3624 1307 3635 ἡὴ

309 3737 350 3802 (i)
374 3736 407 3785 Le
422 3734 524 3800 copiste
538 3748 552 3782 a
568 3732 617 3782 mis
632 3729 702 3779 ttot
715 3747 748 3783 au
764 3732 817 3782 lieu
832 3731 865 3782 de
878 3730 956 3784 1667.

307 3831 348 3898 (⁶2)
370 3831 410 3879 Au
431 3835 511 3884 texte,
534 3828 557 3876 ie
576 3825 677 3892 copiste
698 3825 741 3877 n’a
763 3842 809 3893 pas
832 3825 942 3893 indique‘
965 3828 1114 3893 justement
1137 3832 1161 3884 ia
1188 3850 1300 3889 somme.

267 3928 346 3980 Salon
361 3940 398 3976 uu
412 3923 496 3975 ealuul
515 3921 674 3981 minutiem,
692 3922 715 3970 iu
735 3936 836 3971 somme
851 3921 957 3973 devrait
977 3923 1110 3976 menteris
1132 3926 1228 3988 66766
1247 3947 1300 3986 eor,

265 4021 303 4071 26
315 4021 380 4085 stuf.
