3056 4856
741 440 870 541 (50)

293 636 463 714 quindecim
484 638 564 699 mille
586 643 747 719 nonaginta
762 655 877 722 septem

293 736 416 798 flanenis
426 738 596 816 quindecim
607 741 730 802 stateris
741 752 770 804 et
784 744 879 805 tribus
905 736 908 741 ’

292 839 385 900 obuiis
400 838 533 900 deductis
546 859 600 918 pra
613 841 692 902 victu
705 843 735 902 in
749 844 876 905 navibus

291 939 329 1000 ab
351 940 391 1000 eis
413 939 579 1018 insumpto,
592 941 733 1017 quamdiu
758 944 875 1024 naviga·

291 1053 373 1115 nunt,
387 1041 456 1101 item
473 1038 734 1120 stipendiaquntus
754 1047 877 1119 mensis,

290 1142 370 1221 quod
388 1152 569 1220 acceperunt
590 1143 710 1203 eaedem
731 1157 791 1205 taes
810 1155 875 1206 tui·-

291 1263 354 1303 mae
375 1246 405 1303 in
427 1241 538 1321 oppida
563 1243 776 1315 Santadaeann‚
792 1245 873 1321 quod

288 1346 414 1429 relatum
429 1342 524 1404 estad
545 1344 673 1405 rationes
687 1346 782 1422 ipsius
797 1349 874 1406 snlu·

288 1445 359 1505 tonis
373 1445 403 1504 in
420 1444 590 1523 sumptibus
612 1443 643 1504 in
663 1446 765 1506 eadem
781 1448 874 1507 classe

285 1546 380 1616 iactis,
407 1544 515 1604 additis
550 1555 701 1624 praeterea
737 1549 816 1607 mille
845 1560 875 1608 et

286 1645 465 1726 octingentis
473 1643 691 1724 florenis,quos
704 1649 873 1728 praedictus

287 1746 458 1807 Franciscus
494 1746 650 1825 Vendugus
690 1751 805 1827 aceepit
844 1750 874 1808 in

287 1848 451 1910 subsidium
467 1868 482 1907 a
498 1846 620 1908 domino
635 1848 672 1909 de
687 1852 763 1910 Biia.
773 1853 875 1919 'Prae-

288 1951 382 2011 dictae
396 1961 462 2009 octo
478 1959 594 2008 turmae
610 1948 733 2010 suerunt
749 1952 874 2025 solutae,

287 2070 444 2130 quousque
456 2051 581 2109 suerunt
591 2052 775 2124 amandatae,
786 2064 816 2113 et
831 2071 875 2124 ea,

287 2173 363 2232 quae
384 2165 449 2213 erat
471 2150 676 2224 inundantiae,
699 2153 772 2230 ejus,
794 2153 872 2230 quad

287 2258 317 2318 in
334 2257 390 2316 hac
403 2256 569 2333 regimento
593 2256 712 2321 meruit,
731 2256 873 2331 quemad·

286 2358 409 2419 modum
424 2368 477 2416 nst.
913 2357 1013 2417 auant
1028 2377 1089 2419 eor.
1106 2362 1144 2421 58
1159 2371 1195 2420 st.
1213 2363 1231 2421 9
1246 2361 1295 2421 oh.

327 2460 535 2539 Regimentum
550 2457 666 2516 canaitis
685 2456 722 2516 de
743 2458 803 2516 Rus
818 2457 871 2516 ha·

288 2562 351 2621 buit
371 2563 471 2621 decem
487 2570 611 2631 turmas,
626 2560 737 2635 incepit
753 2578 869 2619 merere

286 2684 345 2724 xnu
358 2661 427 2723 maii
439 2663 509 2721 anni
527 2662 650 2735 txvut,
661 2660 718 2719 suit
733 2660 873 2720 amanda·

287 2776 350 2825 tum
363 2784 401 2823 xv
412 2761 579 2824 decembris
591 2762 871 2837 insequentisance·

287 2868 330 2944 pit
360 2886 375 2924 a
407 2862 557 2941 praedicta
587 2864 718 2921 solutore
748 2863 869 2941 triginta

286 2985 393 3028 novem
408 2964 488 3024 mitte
504 2973 651 3023 trecentas
670 2961 867 3043 quadraginta

285 3079 350 3130 acto
378 3074 535 3125 coronatus
554 3064 675 3141 triginta
697 3082 748 3123 sex
774 3063 870 3123 stute-

284 3189 345 3241 uas,
359 3188 416 3246 qua
434 3165 558 3245 pecunia
574 3174 603 3224 et
618 3163 744 3242 insuper
766 3165 869 3242 viginti

284 3291 391 3334 navem
405 3269 535 3330 miiiibus
546 3267 772 3348 quadringentis
783 3269 869 3344 quin·

284 3374 424 3453 quaginta
444 3371 577 3447 quinque
598 3367 722 3429 florenis
741 3369 868 3428 sedenim

283 3473 404 3535 stateris
429 3481 460 3531 et
484 3478 550 3530 octo
575 3469 669 3528 obuiis
696 3468 807 3529 eisdem
837 3470 868 3529 in

285 3592 383 3657 panno
395 3580 595 3632 mercatorum
610 3568 791 3648 consignatis
803 3589 868 3649 per·

283 3678 413 3739 solutum
427 3673 469 3733 iili
484 3691 521 3731 nx
541 3670 657 3746 integra
678 3670 745 3732 suit.
908 3673 1008 3732 39548
1023 3690 1082 3733 eoi.
1100 3676 1139 3735 56
1153 3683 1190 3734 st.

323 3776 532 3856 Regimeutum
544 3771 658 3831 domini
669 3768 706 3830 de
718 3771 868 3832 Biandeau

283 3879 389 3940 habuit
402 3878 536 3955 quinque
551 3882 674 3932 turmas.
689 3873 805 3932 Meiere
821 3872 866 3931 in·

284 3982 362 4060 cepit
382 3996 432 4037 vni
455 3975 524 4035 maii
538 3973 609 4034 anni
624 3972 749 4043 uxum,
763 3990 869 4033 aman-
