3046 4836
637 398 795 498 (rra)

236 596 260 655 Α
288 597 403 656 Joanne
439 597 566 675 Baptista
603 596 690 657 Dorio
727 617 782 676 pet·

196 696 297 757 literas
316 696 424 756 cambii
448 696 567 757 Luciani
593 696 783 757 Centurionis

197 806 227 857 et
253 798 412 877 Augustini
439 798 580 876 Spinuiae
605 798 780 858 tantunde·

197 899 301 960 eodem
319 899 377 960 die.
825 901 1001 961 tuttocor.
1017 901 1055 960 33
1070 908 1099 959 st

157 1002 172 1048 ⁵
238 1000 417 1079 ABaptista
440 1000 590 1060 Lomeiino
611 1019 667 1078 per·
687 1001 787 1060 literas
987 1056 989 1059 .

197 1100 341 1180 Stephani
358 1102 500 1161 annotini
516 1120 573 1162 avn
592 1101 723 1180 ejusdem
826 1102 926 1162 46155
941 1120 1001 1161 eor.
1018 1104 1056 1161 53
1071 1113 1107 1160 st.
1219 1142 1222 1147 -

238 1202 433 1263 dFraneiseo
447 1203 484 1263 de
503 1204 624 1281 Aguiia'r
645 1222 698 1282 per
720 1205 785 1262 lite·

198 1324 246 1364 ras
262 1306 385 1365 ioannis
405 1305 583 1365 Fet-dinandi
603 1304 640 1365 de
659 1307 783 1383 Spioosa

198 1408 327 1469 ducenta
363 1409 451 1468 miliia
486 1421 697 1470 coronatorum
732 1429 783 1469 sex

145 1515 174 1597 ιο
198 1508 361 1569 solidorum
376 1529 426 1570 vni
441 1509 573 1588 ejusdem
586 1510 672 1588 junii.
829 1513 948 1571 tutata
963 1529 1023 1570 oon.
1040 1513 1077 1569 ta
1093 1521 1128 1569 st.

239 1725 408 1787 solutiones
433 1726 465 1786 in
488 1730 633 1788 nundinis
648 1729 736 1806 ,jonii

371 1830 449 1888 unni
473 1828 615 1889 Lxxtli.

240 1990 261 2047 Α
281 1989 449 2048 Fransoisoo
464 1989 501 2049 de
516 1991 637 2068 Aguiiar
653 2010 706 2068 por
721 1990 786 2048 lite-

160 2095 163 2100 ’
200 2107 248 2149 ras
268 2090 391 2151 Joannis
411 2091 589 2150 Ferdinondi
608 2092 644 2149 de
659 2091 783 2170 Spinosa

145 2202 174 2249 ta
199 2192 325 2251 ducenta
362 2193 451 2251 miliia
490 2205 699 2252 coronatorum
735 2212 784 2253 sex

199 2292 363 2352 solidorum
389 2313 427 2354 ιιιι
448 2295 627 2370 septembris
653 2295 785 2373 rjosdrrn

197 2394 279 2453 anni.
833 2396 950 2455 tutata
966 2413 1023 2452 eor⁸
1043 2396 1080 2453 tt
1095 2405 1130 2455 st.

237 2493 416 2554 Alohanne
437 2494 553 2554 Curiele
576 2507 606 2554 et
632 2495 784 2573 diphonso

198 2597 297 2655 Diasio
309 2597 467 2676 pertituros
477 2596 610 2674 ejusdem
622 2616 639 2655 ιι
651 2596 784 2674 ejusdem

143 2709 173 2757 tu
197 2702 308 2757 mensis
319 2697 438 2756 ducenti
449 2698 548 2757 decem
562 2696 641 2757 tniile
651 2698 782 2756 roronnti

162 2797 165 2804 '
197 2798 329 2877 ejusdem
347 2798 463 2860 valoris.
827 2798 1108 2858 restaurandae.

238 2903 261 2960 Α
285 2900 421 2961 iohanne
451 2900 592 2976 Orthegio
621 2899 782 2958 Torrhensi

197 3013 227 3061 et
245 3002 390 3079 Gregorio
412 3002 513 3062 Ruisio
540 3002 665 3059 ducenta
694 2998 783 3058 miliia

197 3111 410 3163 coronatorum
438 3101 572 3179 ejusdem
599 3102 706 3160 valoris
732 3120 786 3177 prr

142 3215 172 3264 tt
198 3204 298 3263 literas
323 3202 457 3282 ejusdem
482 3203 625 3262 lobannis
651 3201 784 3280 Orthegii

197 3323 225 3364 nr
240 3305 383 3382 ejusdem.
828 3302 946 3361 tutata
962 3321 1022 3360 ror.
1043 3304 1076 3361 15
1092 3312 1127 3359 st.

197 3518 367 3582 Solutionea
385 3520 593 3580 rtundinornm
610 3518 783 3595 septenbris

371 3620 447 3682 onai
467 3620 614 3683 LXXIII.

235 3784 413 3849 Alohanne
434 3783 549 3842 Curieio
569 3781 730 3840 Torrhensi
753 3792 782 3841 et

143 3900 173 3950 3ο
197 3887 351 3966 Aiphonso
385 3887 481 3945 Dianio
509 3884 545 3944 de
575 3885 694 3964 dgnilar
727 3902 782 3959 per

198 3989 298 4049 iiteras
334 3986 467 4066 ejusdem
503 3986 628 4045 Curieiis
662 3984 781 4043 ducenti
