3046 4836
605 542 627 628 ·(
656 539 726 612 aas
754 546 764 634 l

167 731 248 807 ginta
265 730 345 793 mille
359 735 491 794 coronati
504 735 533 794 iu
549 736 660 796 eisdem
677 740 754 797 solu-

170 831 310 908 tionibus,
332 835 383 912 qui
404 835 493 894 simul
516 836 648 896 eliieiunt
668 857 752 897 eoro-

170 943 253 993 natos
279 934 398 1014 triginta
430 955 535 996 novum
567 937 750 998 stulerorum

168 1034 401 1113 quadringentos
415 1036 583 1115 quindecim
601 1039 681 1099 mille
697 1049 754 1098 tre·

28 1213 31 1217 Δ
127 1149 142 1194 5
167 1146 269 1195 centus
293 1139 461 1218 octuaginta
490 1149 620 1216 quatuor
647 1139 751 1220 viginti

167 1249 297 1314 quatuor
311 1239 450 1299 stuieros.
795 1244 918 1303 tttost
932 1262 992 1304 eor.
1008 1245 1048 1304 04
1059 1260 1095 1304 st.

248 1439 285 1497 ln
309 1437 456 1498 nundinis
478 1436 671 1519 paschalibus

329 1540 405 1600 unni
430 1540 590 1601 LXXIIII.

209 1693 281 1750 ltem
293 1690 488 1769 quadraginta
499 1701 565 1751 uoto
578 1690 751 1767 millequin·

111 1805 141 1852 tu
166 1793 247 1870 genti
272 1792 404 1852 coronati
428 1791 585 1868 praedietis
606 1792 750 1853 nundinis

168 1906 234 1971 post
248 1894 348 1954 literas
359 1894 501 1972 Stephani
512 1894 594 1954 Grilli
609 1892 646 1955 ad
661 1911 751 1952 suum

168 2005 402 2072 procuratorem,
416 1996 467 2072 qui
482 1995 615 2057 efficiunt
630 1994 749 2073 triginta

167 2114 273 2155 noveru
288 2096 471 2155 etulerorurn
487 2107 656 2156 coronatos:
816 2096 917 2157 04709
932 2113 992 2155 eor.
1006 2096 1026 2156 9
1039 2104 1074 2155 st

207 2200 281 2258 Item
317 2198 526 2276 quadringenti
561 2198 748 2275 septuaginta

110 2319 140 2366 ts
168 2311 228 2359 tres
254 2299 333 2357 nrille
359 2294 491 2358 coronati
516 2318 566 2359 sex
588 2298 752 2358 solidorum

167 2399 278 2477 recepti
293 2401 323 2459 in
340 2401 483 2459 nundinis
498 2400 661 2461 nativitatis
681 2401 753 2460 anni

169 2502 292 2560 LXXllll
313 2512 342 2561 et
359 2501 546 2579 paschalibus
561 2502 632 2561 anni
649 2501 749 2561 LXXV

171 2604 199 2663 in
216 2604 340 2662 summis
354 2600 547 2680 sequentibus
563 2622 571 2662 ε

206 2703 396 2782 AStephano
418 2704 508 2764 Grillo
535 2705 750 2783 quinquaginta

109 2817 140 2864 m
167 2806 257 2866 mille.
290 2837 293 2843 ·
817 2805 994 2864 5000lieor.
1098 2854 1101 2859 Δ
1132 2831 1134 2834 <

205 2907 249 2967 Ad
271 2907 371 2966 literas
392 2908 502 2967 Nicolai
522 2906 663 2968 Grimaldi
687 2925 754 2986 sep·

165 3011 297 3091 tuaginta
314 3019 373 3070 tres
392 3011 481 3069 anille.
817 3009 918 3069 75000
931 3026 993 3069 eor.

205 3111 248 3170 Ad
260 3111 360 3170 literas
376 3111 508 3189 ejusdem
521 3110 663 3170 Grimaldi
678 3129 751 3170 een·

167 3224 229 3272 turn
247 3213 335 3271 mille.
798 3213 918 3273 100000
933 3230 994 3273 eor.

111 3323 141 3370 et>
208 3313 252 3372 Ad
280 3313 380 3373 literas
411 3313 528 3372 Lusiani
563 3312 756 3372 centurionis

168 3414 381 3491 quinquaginta
399 3413 489 3472 mille.
816 3412 918 3471 50000
933 3430 993 3470 eor.

206 3514 250 3573 Ad
262 3516 362 3576 literas
370 3513 660 3593 praedietiStephani
670 3512 754 3573 Grilli

165 3616 381 3696 quinquaginta
397 3616 490 3675 tuille.
817 3613 918 3673 00000
932 3630 995 3673 eur.

206 3716 249 3775 lid
277 3714 378 3777 literas
403 3711 582 3775 Baltlrasaris
609 3711 755 3771 Cantenni

108 3840 139 3889 30
164 3817 379 3896 quinquaginta
396 3814 487 3876 anille,
816 3815 917 3874 50000
932 3832 995 3874 eor.

206 3924 248 3977 Ad
276 3918 378 3977 literas
409 3918 519 3977 Nicolai
550 3914 692 3976 Grimaldi
722 3913 754 3974 in

164 4019 362 4079 solutionibus
387 4018 530 4098 pasolralis
555 4017 627 4076 anni
653 4016 755 4076 LXXV

164 4131 285 4181 eentum
302 4121 395 4182 mille.
799 4116 920 4177 tuuuuo
934 4134 994 4179 eur.
