3056 4856
623 461 745 558 (65)

214 661 340 723 Privatis
350 661 421 722 item
434 659 608 737 persenisiu
619 672 759 737 sumptus

173 763 359 823 diversarum
386 760 605 841 profectionum
637 761 667 820 in
695 780 759 825 rent

173 866 281 944 Regiae
297 862 454 922 Maiestatis
474 873 535 920 tres
551 862 631 923 miiie
646 862 762 939 Septin-

173 964 254 1046 genti
266 963 770 1041 quinquagintaquatuoreoronatb

121 1082 148 1144 *tt
175 1066 296 1146 triginta
312 1074 441 1143 quatuor
455 1063 570 1124 stuseri.
804 1067 959 1129 bibiteer.
975 1073 1015 1131 bb
1030 1083 1067 1132 st.

217 1158 369 1228 Praefecto
390 1183 546 1226 cursurum
567 1164 675 1225 horum
700 1175 761 1227 sta·

176 1279 260 1328 tuum
276 1268 312 1327 ad
334 1278 472 1344 sumptus
490 1285 648 1327 cursorum
669 1276 699 1326 et
714 1286 761 1329 re-

175 1388 332 1432 eursorum
348 1381 378 1429 et
394 1367 568 1428 nuntiorum
581 1369 610 1426 in
629 1387 693 1428 rem
708 1371 762 1431 Re·

176 1473 239 1551 giae
267 1469 427 1529 Maiestatis
451 1469 486 1528 ad
516 1467 631 1528 diversa
661 1470 722 1531 iera
748 1489 763 1529 a

121 1585 151 1641 tp
178 1572 316 1651 raugusti
337 1571 408 1631 anni
426 1570 524 1633 trivit
542 1569 687 1646 usquead
704 1590 762 1630 xvu

177 1672 342 1734 decembris
367 1672 436 1732 anni
463 1672 549 1731 tttxt
573 1671 675 1750 viginti
703 1684 762 1732 tres

179 1774 259 1833 mitte
276 1771 399 1833 trecenti
422 1771 617 1848 quadraginta
640 1790 690 1830 sex
713 1790 762 1831 eu·

179 1874 276 1936 renati
302 1874 405 1954 viginti
435 1892 485 1933 ser
514 1872 620 1932 stuieri
649 1887 763 1950 septem

180 1976 269 2046 eboli,
280 1977 366 2054 eujus
383 1975 525 2054 peeuuiae
540 1975 684 2034 rationem
702 1976 767 2034 red·

126 2088 156 2135 tt
180 2077 251 2138 dere
268 2076 408 2154 praesceti
424 2075 555 2153 ejusdem
573 2074 707 2135 interest.
807 2079 906 2140 2534ss
925 2099 984 2141 eer.
1005 2084 1046 2142 ib
1067 2095 1101 2143 st:
1124 2087 1141 2143 7
1161 2087 1210 2146 ob.

221 2176 407 2252 Quibusdam
431 2176 575 2237 militibus
598 2195 653 2253 pro
678 2177 769 2239 vexit-

180 2280 214 2341 tis
229 2279 321 2360 eaptis
332 2279 370 2338 ab
383 2278 518 2338 hostibus
532 2277 652 2339 dueenti
664 2278 766 2340 deeem

179 2393 209 2440 et
223 2400 275 2441 sex
290 2379 421 2441 coronati
433 2379 534 2440 decem
547 2390 576 2438 et
588 2398 639 2439 sex
650 2380 767 2443 stuieri.
810 2384 870 2444 atu
884 2404 937 2446 eor
963 2390 1000 2447 te
1014 2398 1049 2447 st.

221 2481 383 2541 Praedictts
426 2482 586 2557 inspectori
633 2484 763 2558 generati

126 2593 158 2640 20
181 2581 391 2659 quaestoribus
420 2590 450 2640 et
479 2581 602 2641 seiuteri
635 2582 767 2658 ejusdem

180 2683 328 2744 exereitus
351 2701 406 2762 pro
424 2682 525 2741 eharta
551 2691 580 2742 et
598 2692 764 2743 atramento

179 2785 217 2844 ad
233 2803 320 2846 usum
337 2785 367 2842 in
383 2783 446 2843 suis
465 2782 569 2842 offieiis
584 2803 600 2842 a
615 2802 654 2844 tut
670 2785 770 2844 martii

179 2885 250 2946 anni
281 2886 382 2944 LXVII
418 2884 580 2963 inspecturi
608 2902 702 2961 usque
730 2885 765 2944 ad

181 2984 407 3063 ultimamjunii
428 2984 499 3044 anni
522 2985 611 3043 txtx
632 2995 768 3061 quaesto-

124 3100 156 3148 ett
181 3084 266 3146 ribus
288 3097 316 3145 et
341 3085 465 3145 solutori
492 3103 587 3161 usque
612 3083 647 3144 ad
674 3084 765 3145 finem

182 3187 251 3245 trraii
266 3187 338 3246 aurii
361 3186 447 3245 txxt
466 3185 591 3265 siugulis
613 3205 664 3245 sex
686 3205 767 3247 eore-

182 3288 258 3348 natis
273 3289 304 3348 in
317 3305 451 3346 mensem
465 3306 472 3346 ε
486 3286 565 3349 mitte
579 3289 767 3366 septuaginta

181 3398 248 3449 oete
262 3388 405 3448 serenati.
819 3393 893 3452 1078
912 3411 972 3453 eor.

301 3643 493 3725 Stipendium
509 3647 645 3707 Arrium·

126 3849 157 3897 30
224 3825 329 3885 Saueio
341 3824 378 3885 de
390 3826 472 3885 Aviia
484 3827 643 3888 easteiiano
654 3828 772 3889 eitadel·

183 3927 228 3984 iae
248 3924 482 4004 iintwerpiensis
501 3938 530 3987 et
548 3928 723 3999 officialibus
745 3939 774 3989 et

184 4024 328 4087 militibus
344 4025 439 4102 ipsius
454 4046 510 4106 pre
526 4028 675 4105 stipendia
693 4029 771 4110 ejus,
