3056 4856
613 520 743 620 (67)

171 719 246 778 natis
256 720 288 776 in
301 737 433 778 mensem
445 718 566 779 inclusis
581 719 661 778 mitte
677 738 757 779 roro«

171 818 247 878 natis
268 828 388 878 eentum
410 831 439 879 et
465 820 566 880 decem
592 818 756 880 solidorum

172 921 202 980 in
227 920 358 998 singulos
389 919 431 979 ittt
466 920 542 980 datis
568 921 605 980 ad
631 922 760 980 rationes

172 1019 246 1096 ejus,
262 1019 341 1096 quod
356 1021 444 1098 Regia
462 1021 598 1081 Maiestas
614 1022 655 1081 itii
668 1021 761 1081 debe·

120 1138 134 1184 t
174 1120 223 1180 bat
238 1139 274 1179 ex
289 1139 324 1180 eo
341 1129 484 1199 tompore,
499 1142 559 1199 quo
582 1123 613 1182 in
635 1121 762 1182 statibus

174 1221 444 1283 Mediolanensibus
456 1224 642 1294 inservierat,
654 1225 690 1284 de
702 1243 761 1302 quo

174 1321 275 1382 debito
289 1323 415 1382 relatum
431 1323 488 1383 fuit
504 1324 541 1385 ad
556 1325 695 1385 officiatos
707 1327 759 1384 sti·

176 1421 276 1499 pendii
298 1423 464 1483 eorundem
490 1435 633 1495 statuum,
660 1437 692 1483 ut
716 1426 756 1484 iiii

174 1526 375 1586 adimerentur
386 1526 467 1586 mitte
479 1529 622 1606 nongenti
632 1525 761 1604 quadra·

120 1645 148 1692 40
172 1627 253 1706 ginta
275 1628 409 1686 coronati
433 1646 483 1687 sex
509 1628 615 1687 stuieri
641 1638 670 1688 et
695 1638 761 1688 octo

172 1727 260 1788 oboli.
792 1732 870 1789 toto
884 1748 946 1791 eor.
961 1732 979 1790 6
994 1740 1031 1792 st.
1046 1736 1065 1792 8
1079 1732 1129 1792 ob.

213 1828 311 1906 Equiti
335 1828 473 1907 orologio
503 1849 518 1887 a
546 1850 554 1889 t
583 1831 761 1909 septembris

173 1930 244 1988 anni
259 1931 354 1988 txvn
368 1947 462 2005 usque
478 1929 515 1988 ad
533 1931 668 1991 ultimam
681 1924 762 1992 octoss

175 2031 237 2089 bris
259 2029 331 2090 anni
349 2031 553 2108 txv11t‚qu0
577 2031 633 2092 mn
653 2051 758 2092 aman·

121 2155 150 2202 45
174 2131 269 2202 datus,
294 2131 445 2207 sexaginta
469 2129 588 2191 dttobus
613 2134 763 2192 coronatis

176 2231 279 2310 viginti
292 2250 343 2290 sex
355 2230 476 2291 stuieris
488 2244 518 2291 et
528 2232 647 2292 duobus
667 2224 763 2293 tertiis

175 2334 205 2392 in
227 2349 380 2392 mensem:
398 2333 561 2411 octingenti
577 2337 763 2414 septuaginta

175 2443 289 2512 septem
302 2434 435 2493 coronati
452 2434 555 2512 viginti
576 2434 646 2501 duo,
657 2436 763 2494 stuieri

174 2548 304 2614 quatuor
318 2534 406 2594 oboli.
798 2537 856 2597 877
872 2557 933 2599 cor.
950 2543 987 2599 22
1002 2549 1038 2599 st.
1054 2542 1072 2598 t
1087 2540 1134 2599 ob.

117 2655 147 2705 90
214 2637 373 2713 capitaneo
395 2638 502 2696 ioanni
535 2638 764 2698 bartholomaeo
1192 2642 1195 2651 ’

174 2738 275 2814 Campi
293 2757 309 2796 a
328 2757 336 2797 ι
358 2735 536 2813 septembris
555 2737 625 2796 anni
644 2738 759 2796 txvttt
802 2749 804 2752 ’

174 2858 268 2915 usque
292 2838 441 2898 adfinem
464 2838 540 2916 junii
566 2839 638 2898 anni
667 2840 758 2898 LXX!
828 2912 832 2918 ι

173 2940 449 3002 eentumooronatis
463 2940 492 2998 in
506 2958 641 2999 mensem
651 2939 761 2999 additis
828 2926 830 2931 ¹

176 3036 508 3118 centumquadraginta
532 3059 591 3100 uno
613 3041 764 3100 coronatis

120 3158 150 3205 95
177 3151 205 3200 et
228 3139 330 3218 viginti
345 3159 396 3200 sex
412 3139 534 3199 stuioris
555 3140 610 3218 ipsi
634 3139 711 3199 datis
732 3139 760 3198 in

175 3239 358 3320 stipendium
374 3240 645 3300 extraordinarium
659 3258 713 3317 pro
727 3260 762 3300 eo

176 3357 319 3422 tompore,
334 3361 392 3424 quo
406 3341 462 3401 tuit
477 3343 508 3401 in
523 3342 638 3415 castris,
654 3351 685 3401 et
703 3343 764 3401 Soi-

178 3445 259 3522 pioni
270 3441 492 3521 Campissfflioss)
504 3442 597 3521 ipsius
608 3443 646 3501 ab
658 3440 762 3502 eodem

176 3545 224 3605 ‹tie
250 3562 343 3620 usque
365 3542 402 3603 ad
425 3543 561 3602 ultimum
588 3542 665 3621 junii
691 3543 762 3602 anni

119 3661 151 3710 30
179 3646 264 3706 txxt
281 3645 400 3724 triginta
417 3663 477 3704 uno
493 3644 644 3704 mensibus
661 3644 765 3722 primis

216 3988 260 4058 (i)
281 3989 336 4042 Fut.
351 3987 388 4039 27
401 3996 441 4049 est
454 4003 508 4040 une
525 3985 667 4057 repitition
688 3988 799 4040 verbate
814 3988 846 4039 de
860 3987 906 4044 tol.
922 3987 968 4040 ab.
983 3988 1054 4042 C'est
1069 4006 1121 4043 une
1135 3990 1208 4044 tauto

177 4086 215 4139 du
224 4085 336 4155 eopiste.
349 4083 388 4137 Or
402 4099 470 4137 nous
483 4083 584 4137 taisons
597 4084 688 4137 suivre
701 4083 735 4135 iei
748 4080 978 4161 immediatoment
992 4082 1037 4136 iot.
1052 4085 1097 4138 28.
1207 4086 1210 4097 “
