3046 4836
609 409 782 509 ,(ιιι)

182 606 304 689 Aguiitu·
317 616 437 668 eentum
455 608 533 668 mitte
548 609 680 668 coronati
696 628 772 687 quu-

182 708 318 789 draginta
354 708 538 770 stuieroeum
577 710 607 769 in
648 710 773 770 summis

182 810 377 889 sequentihus
395 828 403 870 ε

222 911 267 971 Ab
289 910 418 972 issuntiu
440 931 518 972 xxvu
537 911 615 990 junii
642 912 771 989 quadru-

142 1020 157 1066 5
182 1012 262 1093 ginta
290 1031 384 1072 unum
411 1013 491 1072 mitte
512 1012 615 1092 viginti
640 1013 771 1099 quinque

182 1113 315 1174 coronati
330 1113 435 1192 viginti
446 1113 581 1191 quinque
594 1113 711 1172 stuieri.
815 1117 917 1177 utute
933 1135 994 1177 eon.
1008 1119 1045 1175 ut
1061 1130 1096 1176 st.

222 1213 266 1273 Ab
295 1213 438 1292 Alphonsi
466 1214 564 1273 Diasiu
590 1213 626 1273 de
653 1212 772 1291 Aguiinr

181 1333 239 1375 xxx
276 1314 410 1392 ejusdem
446 1314 640 1394 quadraginta
678 1334 770 1375 unum

182 1416 263 1475 mille
274 1415 770 1496 vigintiquinqueeoronativiginti

128 1523 158 1572 tu
183 1516 317 1595 quinque
330 1516 447 1576 etuieri.
809 1519 909 1578 ttutt
924 1536 984 1577 eon.
1000 1519 1037 1579 25
1053 1533 1087 1578 st.

224 1620 245 1677 A
263 1617 451 1677 Ferdinaudu
466 1616 504 1678 de
518 1619 624 1679 Seviiia
646 1638 686 1679 nu
704 1617 771 1695 julii

182 1719 286 1796 viginti
315 1719 396 1778 mitte
423 1719 579 1799 quingenti
616 1719 772 1779 duodecim

182 1821 314 1881 coronati
330 1821 451 1898 triginta
466 1820 525 1881 duo
540 1823 655 1882 stuieri.
811 1823 911 1883 toute
926 1842 984 1882 cur.
1003 1825 1041 1883 te
1056 1833 1093 1885 st.

224 1923 362 1983 Etiieiunt
376 1923 463 1982 simui
480 1934 635 1983 coronatos
651 1924 770 2003 triginta

129 2033 159 2082 u
183 2042 292 2084 novetn
307 2023 510 2084 stuierorum:
810 2027 929 2086 tottut
943 2045 1003 2088 eun.
1021 2027 1089 2087 ist.

227 2128 299 2186 item
315 2125 419 2202 viginti
435 2126 515 2184 mitte
525 2125 680 2204 quingenti
696 2123 773 2185 duo-

185 2225 280 2286 decim
296 2226 428 2287 eononuti
445 2226 564 2305 triginta
580 2226 640 2308 duo
655 2224 772 2299 stuieui,

183 2346 312 2406 quonum
335 2326 369 2386 iit
394 2327 540 2387 creditum
564 2326 595 2386 in
621 2327 773 2406 sexaginte

185 2430 264 2488 mille
279 2441 398 2489 eentum
414 2441 445 2489 et
464 2430 598 2506 quinque
612 2430 770 2500 coronatis,

131 2546 161 2594 tu
185 2531 237 2607 qui
270 2530 354 2589 reiuti
391 2541 462 2590 sunt
496 2531 524 2588 in
562 2527 772 2589 distributione

186 2631 323 2712 usqueud
332 2631 421 2690 finem
431 2630 652 2691 iebtttnriienni
662 2630 773 2692 LXXV.
814 2632 915 2691 tutte
929 2649 989 2691 cun.
1006 2633 1044 2691 tu
1059 2643 1095 2692 st.

227 2735 325 2793 itemn
342 2731 485 2792 Roderieo
500 2733 623 2792 Alvnnez
639 2732 773 2792 cudent

183 2832 279 2911 tjunii
293 2835 366 2892 unni
383 2835 495 2894 LXXV.
814 2833 894 2892 ettt
910 2849 971 2894 eut.
989 2833 1028 2892 et
1042 2843 1079 2892 st.
1118 2818 1121 2825 ⁴

226 2934 270 2994 Ab
291 2932 453 3013 Alphonsiu
479 2935 575 2993 Diusiu
597 2933 634 2993 de
656 2933 778 3011 Aguiitu·

131 3045 161 3094 tt
186 3035 290 3095 eodem
306 3044 453 3114 tempore.
821 3034 900 3094 8286
914 3052 976 3095 cun.
992 3035 1030 3094 tt
1046 3046 1081 3096 st.

229 3139 249 3194 A
265 3136 383 3196 Nieolnu
405 3135 442 3195 de
464 3136 563 3194 Gaonn
579 3134 683 3193 eodem
700 3143 777 3193 tem-

187 3256 268 3318 pore.
818 3235 898 3295 utet
913 3251 973 3294 eur.
989 3238 1027 3295 {8
1043 3246 1080 3296 st.

227 3339 250 3392 A
274 3337 362 3396 Petro
386 3333 423 3392 de
446 3332 572 3392 Thoinsn
602 3343 632 3393 et
662 3332 776 3394 Juenne

187 3436 310 3496 Lunensi
325 3434 429 3494 eodem
448 3445 591 3512 tempore.
818 3431 877 3491 tet
891 3450 952 3492 eon.
967 3435 1002 3493 tt
1022 3444 1059 3494 st.

133 3549 164 3599 tn
228 3537 252 3596 A
275 3537 363 3595 Petro
378 3544 408 3593 et
421 3533 574 3611 Aiphonsu
596 3532 634 3593 de
655 3534 778 3593 Camino

188 3637 293 3699 eodem
308 3646 368 3697 tem
373 3655 453 3715 pore.
826 3634 904 3692 ¹280
917 3652 976 3694 cur.

229 3745 253 3802 A
281 3740 390 3800 incubo
425 3740 463 3800 de
497 3738 638 3798 Chevnrni
673 3736 778 3799 eudem

189 3855 332 3919 tempure.
821 3838 901 3897 4605
918 3856 978 3899 eor.
995 3840 1012 3898 5
1029 3849 1056 3898 st

229 3942 274 4003 Ab
288 3941 441 4022 Alphonso
455 3940 493 4001 de
509 3939 630 4000 Camino
652 3958 691 3999 ιιι
707 3938 775 4018 julii

188 4043 321 4123 ejusdem
336 4043 406 4102 unni
424 4043 533 4100 LXXV.
820 4040 901 4101 utut
915 4059 976 4102 eur.
992 4044 1011 4101 8
1028 4054 1064 4103 st.
