3056 4856
776 447 905 546 (Ἡ)

312 644 403 686 avena
417 629 489 706 ipsis
500 632 629 695 exhibita
641 657 697 716 per
711 642 855 706 ioannem

311 727 481 806 Corpeiium
506 739 707 814 praepositum
731 741 854 805 alimon-

309 837 419 888 torum.
900 852 980 912 toto
994 873 1053 914 cor.
1074 859 1111 918 i0
1125 871 1161 918 st.
1178 864 1196 920 8
1212 864 1259 925 ob.

351 931 502 992 Ducentos
543 939 702 1016 nonaginta
738 959 850 1022 septem

308 1029 778 1120 millequingentosetnonaginta
792 1055 851 1106 tres

308 1143 462 1193 coronatos
478 1147 507 1195 et
527 1138 655 1200 sedecim
677 1144 807 1205 stuseros
822 1158 852 1206 et

306 1244 434 1305 quatuor
448 1235 560 1311 obolos,
572 1259 646 1316 quos
660 1247 774 1322 accepit
789 1249 849 1306 ius-

304 1331 385 1391 sibus
396 1333 480 1394 ducis
495 1337 600 1398 Albani
615 1361 630 1400 a
646 1349 848 1408 commissario

303 1433 427 1493 Martino
448 1438 552 1515 Bergio
574 1454 731 1516 quaestore
752 1467 842 1525 gene·

303 1535 356 1592 rati
369 1536 610 1600 confiscationnm
625 1546 732 1624 Regiae
745 1551 846 1610 Maies-

303 1635 371 1693 tatis
394 1636 425 1695 in
451 1637 496 1697 his
522 1643 647 1702 statibus
670 1647 698 1704 in
722 1648 845 1709 dirersis

302 1743 425 1795 summis
435 1758 451 1796 a
463 1758 481 1795 v
494 1743 588 1801 martii
601 1748 670 1802 anni
681 1749 844 1811 ototxtx

301 1853 393 1912 usque
408 1838 444 1896 ad
458 1841 540 1900 xttu
556 1847 726 1905 novembris
743 1852 838 1909 LXXi.
882 1860 1001 1920 297593
1016 1882 1078 1924 cor.
1101 1868 1136 1925 to
1155 1879 1189 1927 st.
1207 1872 1288 1934 iob.

341 1937 487 1998 Ducentos
508 1943 610 2020 viginti
629 1957 695 2005 orto
713 1948 794 2008 miiic
815 1968 843 2011 ct

297 2036 441 2095 ducentos
452 2043 599 2118 octoginta
613 2054 673 2104 tres
684 2063 840 2111 coronatos

296 2146 326 2193 et
340 2136 496 2197 duodecim
515 2144 643 2204 stnieros
659 2166 709 2205 sex
730 2150 842 2226 obolos,

296 2252 370 2309 quos
395 2239 513 2298 Lirinus
536 2244 674 2304 Wauters
699 2264 841 2324 quaestor

293 2338 438 2411 generatis
466 2342 615 2417 regiarum
642 2345 837 2410 financiarum

293 2440 461 2498 numeravit
482 2440 605 2503 diversis
622 2452 836 2513 mercatoribus

292 2557 346 2615 pro
364 2540 465 2601 eodem
483 2548 670 2620 persoiutore
685 2551 722 2608 nd
738 2553 838 2615 literas

289 2641 445 2703 solutionis
461 2645 606 2722 jussorias
628 2652 712 2710 ducis
728 2654 833 2714 Albani

289 2760 323 2799 ex
336 2761 378 2816 eo,
390 2745 469 2818 quod
482 2760 636 2825 receptum
649 2766 713 2811 erat
725 2773 759 2812 ex
775 2759 836 2833 pri·

287 2860 333 2898 nia
359 2845 506 2904 solutione
536 2852 690 2909 centesimi
720 2854 834 2916 «terrarii

285 2943 393 3019 Regiae
408 2925 550 3007 Maiestoti
569 2955 700 3012 concessi
715 2954 752 3013 ab
772 2968 831 3017 sta«

286 3041 364 3102 tibus
380 3064 398 3101 v
413 3045 556 3107 februarii
572 3052 721 3113 M.D.LXX
737 3057 772 3114 ad
789 3078 833 3117 ra-

285 3145 379 3203 tiones
394 3147 469 3224 ejus‚
485 3152 564 3226 quod
576 3152 647 3230 ipsis
664 3155 829 3217 debebatur

284 3262 318 3302 ex
334 3246 463 3324 negociis
477 3251 598 3311 cambiis
615 3253 748 3315 financiis
761 3276 828 3316 cum

282 3344 353 3419 ipsis
364 3349 435 3407 act-is
447 3354 568 3437 nomine
580 3355 686 3432 Regiae
696 3358 828 3419 Maiesta-

283 3446 331 3519 tis,
356 3447 441 3522 cujus
467 3449 555 3508 etiam
581 3456 724 3528 pecuniae
749 3459 827 3520 idem

281 3548 451 3623 persolutor
461 3554 632 3612 nominatus
642 3565 688 3614 est
698 3561 827 3620 creditor

280 3646 311 3705 in
326 3649 497 3726 receptione
509 3651 615 3712 harum
631 3657 781 3719 rationum
793 3662 823 3722 in

280 3747 569 3813 solutionibussactis
577 3757 733 3832 praedictis
748 3780 823 3820 mer-

279 3848 437 3921 catoribus,
449 3851 571 3914 inclusis
582 3875 702 3935 quoque
716 3861 820 3939 viginti

278 3966 384 4009 novem
409 3953 539 4014 'millibus
565 3957 699 4019 ducentis
720 3972 750 4022 et
771 3966 823 4023 tri·
