3046 4836
746 453 901 551 (too)

450 722 638 803 Supplicett‘o
662 721 802 785 solutoris
822 722 862 783 od
888 726 999 783 Ducem
1021 719 1180 785 Albanum.

342 896 460 956 Solutor
484 896 656 956 Franciseus
683 895 828 955 bixaidius
854 904 920 955 orat
947 897 1085 954 Vestram
1116 891 1335 967 Excellentiam

301 995 442 1074 dignetur
462 1007 531 1057 ante
551 996 724 1069 discessum,
740 1008 773 1056 ut
791 996 895 1075 jubeat
916 996 957 1057 itti
977 996 1041 1054 dari
1061 994 1170 1074 scripta
1185 993 1337 1054 definitiva

301 1116 487 1157 sunimarum
503 1099 692 1175 sequentinm
709 1097 851 1174 pecuniae
866 1095 1036 1174 insumptae
1055 1105 1085 1156 et
1103 1096 1216 1155 solutae
1231 1114 1247 1154 a
1261 1114 1291 1154 se
1306 1097 1336 1154 in

302 1216 365 1257 reni
382 1199 488 1276 Regiae
505 1199 663 1258 Maiestatis
678 1206 707 1257 et
723 1201 753 1257 in
771 1198 896 1277 negotiis
911 1197 949 1256 ad
963 1197 1027 1274 ejus
1038 1195 1168 1256 officium
1183 1196 1336 1273 pertinen·
1377 1200 1393 1246 5

304 1301 393 1372 tibus,
411 1311 500 1379 prout
514 1302 660 1378 sequitur.

344 1403 478 1462 Primum
494 1403 574 1462 mille
589 1404 786 1463 ducentorum
804 1404 924 1481 triginta
936 1413 1049 1481 septem
1061 1411 1271 1462 coronatorum
1283 1420 1337 1480 pro

303 1501 452 1581 stipendio
496 1505 648 1581 cujusdam
685 1503 827 1576 officialis,
862 1503 913 1581 qui
950 1503 1104 1563 inservivit
1143 1502 1336 1580 quadraginta

304 1590 410 1665 novcrn
439 1607 591 1666 mensibus
628 1625 695 1666 curn
731 1606 854 1666 dimidio
885 1604 1012 1681 diversis
1042 1604 1227 1683 temporibus
1259 1604 1338 1683 apud

304 1708 440 1766 Vestram
457 1707 666 1767 Excellentiam
683 1707 839 1765 Rrussetiis
857 1724 924 1764 cum
949 1705 1073 1783 pecunia
1092 1703 1165 1763 mibi
1183 1706 1337 1764 commissa
1362 1719 1393 1766 to

304 1807 518 1885 axxtvaugusti
530 1808 601 1866 anni
615 1807 714 1865 txt'lt
728 1804 866 1882 usquead
876 1804 966 1865 ditem
979 1803 1158 1884 septembris
1169 1805 1240 1865 anni
1251 1805 1337 1864 txttt

306 1907 410 1985 viginti
427 1909 561 1986 quinque
580 1908 728 1967 coronatis
743 1907 773 1966 in
790 1925 933 1968 mcnsem.

348 2012 420 2068 item
436 2009 564 2069 duorum
581 2009 706 2068 militum
722 2008 960 2086 octingentorum
976 2007 1200 2086 quatuordecim
1216 2026 1340 2067 corona-

307 2118 417 2179 torum,
439 2129 514 2185 quos
529 2110 673 2187 expendit
688 2112 717 2169 in
734 2111 824 2169 saccis
844 2121 872 2170 ct
893 2109 992 2169 bursis
1014 2107 1151 2169 undecim
1171 2109 1337 2169 miilionum

306 2221 358 2268 aut
374 2210 502 2285 circiter,
518 2211 568 2287 qui
585 2211 615 2269 in
632 2222 788 2270 numeratu
805 2212 929 2288 pecunia
945 2208 986 2269 iiii
1002 2222 1073 2269 sunt
1088 2210 1199 2270 traditi.
1365 2225 1396 2274 to

348 2313 421 2370 item
437 2312 518 2372 mitte
534 2313 794 2391 septingentorum
809 2314 1023 2391 quinquaginta
1039 2310 1168 2370 duorum
1184 2320 1340 2370 coronato-

305 2432 372 2472 rum
389 2414 494 2492 viginti
511 2413 600 2473 trium
617 2413 811 2484 stuicrorum,
825 2432 900 2489 quos
916 2414 1084 2472 numeravit
1095 2413 1155 2472 suis
1167 2412 1340 2472 officialibus

305 2532 360 2591 pro
377 2515 477 2592 postis,
492 2534 565 2591 quas
587 2515 760 2592 equitarunt
783 2515 811 2572 in
831 2514 957 2573 diversis
972 2512 1129 2572 itineribus
1145 2515 1338 2572 Risonzonem

302 2623 333 2674 et
351 2614 386 2673 od
403 2617 473 2675 alias
491 2618 628 2694 regiones
644 2628 709 2692 post
723 2615 885 2674 adventurn
902 2616 1023 2674 Vestrae
1036 2612 1215 2673 Exciicntiae
1231 2612 1261 2673 in
1282 2613 1338 2674 bos

305 2727 399 2776 status
416 2728 474 2776 tam
492 2717 555 2796 ipsc
578 2736 666 2793 quarn
690 2717 735 2775 sui
760 2716 898 2774 officiales
914 2713 1124 2774 occurentibus
1137 2714 1338 2774 occasionibus
1362 2735 1396 2784 ab

306 2819 490 2896 exportando
504 2820 660 2897 pecuniam
677 2828 706 2877 ct
721 2818 791 2877 alias
807 2836 854 2876 res
867 2816 945 2894 justo
958 2818 1073 2878 ratione
1084 2817 1235 2897 speciatim
1248 2817 1339 2893 scrip·

308 2927 350 2978 tos
365 2917 401 2976 od
418 2918 533 2978 diversa
550 2918 623 2977 loca.

349 3020 420 3077 item
437 3017 566 3077 duorum
583 3017 707 3077 millium
724 3027 844 3076 centum
867 3018 1082 3095 quinquaginta
1105 3016 1193 3076 unius
1214 3034 1338 3076 eorona-

309 3127 407 3178 torum
425 3138 478 3196 pro
494 3120 754 3179 iinininutionibus
770 3140 784 3177 a
801 3130 959 3194 quaestore
978 3117 1158 3178 Castalianos
1179 3117 1263 3177 sactis
1277 3118 1338 3177 suis

304 3219 481 3280 officialibus
497 3220 592 3279 missis
607 3219 643 3278 ad
659 3232 753 3279 castra
774 3219 810 3278 ad
832 3220 972 3279 solvenda
987 3218 1133 3298 stipendia
1155 3237 1191 3277 cx
1214 3218 1338 3296 pecunia
1363 3230 1395 3279 eti

306 3319 378 3379 inibi
393 3321 561 3393 commissa,
575 3340 663 3397 quani
679 3339 825 3379 summam
842 3338 895 3397 ego
906 3316 968 3397 jain
983 3318 1104 3380 exsolvi.

348 3423 420 3481 item
436 3422 537 3481 decem
553 3434 582 3481 ct
596 3430 662 3481 octo
679 3422 804 3480 miiiium
824 3433 853 3479 ct
868 3422 1100 3498 quingentorum
1115 3430 1336 3493 coronatorum,

305 3542 380 3599 quos
394 3523 520 3583 exsolvit
536 3543 589 3601 pro
606 3509 801 3582 interessibus
817 3532 846 3581 ct
863 3521 1134 3581 interventionibus
1147 3520 1289 3598 pecuniae
1301 3520 1338 3580 ad

306 3624 446 3684 fiiiancias
465 3637 601 3702 aeccptae
616 3644 651 3683 cx
667 3624 772 3683 ordine
789 3625 912 3682 Vestrae
928 3623 1123 3682 Exoeiientiae
1139 3622 1174 3680 ad
1190 3621 1337 3699 stipendia

305 3724 394 3802 hujus
406 3725 563 3797 exercitus,
576 3736 665 3800 prout
676 3733 800 3802 apparet
814 3742 847 3781 cr
860 3723 955 3783 litoris
967 3722 1172 3801 recognitoriis
1183 3720 1338 3782 solutionis
1362 3745 1394 3794 30

305 3836 514 3894 mercatorum,
530 3824 580 3901 qui
596 3843 660 3882 cain
677 3823 831 3903 pecuniam
857 3823 1050 3883 contuleruut
1076 3822 1112 3883 ad
1138 3823 1280 3883 fiuaneias
1310 3835 1339 3884 ct

304 3926 428 3985 cambia.

345 4030 416 4088 item
432 4025 557 4087 millium
572 4028 701 4087 duorum
717 4037 950 4105 quingentorum
965 4026 1132 4105 octuaginta
1148 4045 1197 4085 sev
1209 4044 1339 4086 corona·
