3046 4836
754 427 767 522 (
796 358 905 523 roa)

308 622 447 682 nomiuae
462 632 491 682 et
505 623 614 701 scripta
630 623 792 684 necessaria
809 625 846 684 ad
867 624 1096 684 satisfactionem
1110 621 1245 701 ejusdem
1259 622 1339 682 solu·

310 724 383 782 toris
397 723 434 784 de
449 724 501 796 eis,
516 743 592 802 quae
602 726 682 804 juste
697 738 727 785 ct
741 725 898 786 diffinitive
911 726 953 785 iiii
969 724 1080 785 debent
1093 723 1208 782 admitti
1224 721 1261 781 ad
1272 742 1338 782 suas

310 824 442 884 rationes
463 835 587 905 propter
606 825 770 903 praedictas
789 845 901 896 causas,
917 827 1015 904 itaque
1030 824 1238 903 intelligentes,
1260 821 1340 900 quod

310 922 341 984 io
358 936 396 993 te,
411 925 623 1007 Cirristopborc
648 929 684 987 de
710 929 900 1001 castellanos,
916 936 1056 1004 truncetur
1069 926 1217 985 exercitus
1232 923 1340 1001 Regiae

311 1026 469 1085 Maiestatis
485 1025 539 1086 hae
553 1046 657 1087 omnes
671 1029 825 1104 qualitates
839 1037 1022 1088 concurrunt
1037 1046 1104 1085 cunr
1120 1026 1183 1086 aiiis
1199 1024 1299 1085 multis
1311 1035 1341 1086 et
1377 1033 1392 1080 ὃ

311 1127 440 1204 optimis,
467 1137 496 1186 ct
521 1128 601 1206 quod
627 1129 763 1206 inspicies
778 1138 807 1188 et
821 1129 1001 1188 examinabis
1021 1128 1083 1188 'iroe
1105 1129 1266 1205 negotium,
1283 1145 1340 1204 qua

312 1229 452 1287 convenit
481 1228 540 1288 fide
564 1231 721 1290 seduiitate
747 1242 776 1290 et
803 1230 950 1309 vigilantio
974 1247 1092 1307 quaque
1120 1229 1198 1287 soics
1223 1228 1252 1287 in
1278 1225 1342 1287 aliis

314 1329 440 1406 negotiis
455 1329 508 1389 tibi
523 1331 697 1402 commissis,
712 1330 741 1390 in
760 1350 791 1390 re
808 1331 981 1409 praesertim
1004 1331 1111 1409 Regiae
1132 1329 1288 1388 Maiestatis
1314 1336 1344 1387 et

314 1430 344 1487 in
361 1431 484 1507 negotiis
499 1451 514 1488 a
532 1432 617 1491 uobis
633 1431 775 1491 haetenus
795 1431 848 1490 tibi
864 1431 1015 1511 injunctis,
1034 1443 1136 1490 tenore
1152 1429 1241 1508 hujus
1257 1448 1344 1506 prac-

315 1534 407 1589 sentis
418 1532 598 1592 comittinms
611 1533 663 1592 tibi
677 1533 908 1593 verificationem
921 1531 1162 1610 praetensionum
1179 1530 1344 1608 praedicta·
1369 1545 1400 1593 tu

315 1651 381 1690 rum
394 1632 432 1691 ab
443 1632 546 1693 eodem
559 1634 703 1709 solutore,
716 1634 825 1711 quibus
837 1634 976 1713 inspectis
988 1644 1017 1693 et
1028 1631 1201 1692 examinatis
1210 1630 1346 1691 distinete

314 1748 343 1795 et
359 1736 578 1814 [varticuiariter
590 1740 722 1815 (excepta
742 1756 786 1810 ea,
803 1755 891 1813 quam
915 1733 1053 1814 superius
1068 1735 1246 1809 excepimus,
1261 1750 1345 1792 erro-

315 1854 381 1895 rum
408 1837 437 1895 in
463 1837 609 1897 solutione
634 1837 864 1917 stipendiorum)
887 1836 996 1895 efficias
1022 1835 1157 1894 nominas
1182 1843 1210 1893 et
1236 1835 1344 1911 scripta

314 1938 402 1996 simui
415 1949 466 1997 aut
476 1937 612 2011 seorsim,
624 1951 657 1998 ut
673 1939 725 1998 tibi
743 1939 838 1999 visum
856 1938 955 2012 iuerit,
967 1956 1044 2015 quoe
1056 1937 1165 2015 seripta
1177 1935 1344 2015 subsignata

316 2048 366 2097 tuo
383 2040 503 2097 nomine
517 2049 546 2098 et
562 2041 651 2097 relato
672 2039 701 2099 in
721 2040 812 2099 libros
828 2041 987 2097 rationales
1000 2036 1140 2115 stipendii
1158 2036 1246 2114 irtrjus
1261 2055 1346 2096 exer·
1370 2046 1401 2093 te

313 2145 401 2211 citus,
426 2140 475 2214 crui
502 2139 582 2216 apud
607 2148 635 2200 te
661 2153 740 2211 sunt,
756 2141 929 2200 ordinamus
953 2149 983 2198 et
1003 2138 1156 2217 jubemus,
1182 2146 1215 2196 ut
1237 2137 1347 2197 virtute

315 2258 417 2298 earum
436 2258 571 2300 verarum
593 2241 782 2301 nominarunt
808 2250 838 2300 et
863 2240 1131 2319 chirographorum
1153 2239 1348 2298 admittantur

316 2353 342 2399 rt
361 2341 531 2401 referantur
557 2341 593 2400 ad
621 2343 750 2402 rationes
775 2342 870 2402 eidem
899 2342 1022 2401 sobrtori
1053 2342 1195 2418 pecuniae
1220 2339 1251 2399 in
1277 2340 1348 2418 ipsis

316 2451 483 2515 contentae,
506 2444 698 2519 quantumvis
727 2463 786 2503 non
814 2444 872 2503 sint
905 2442 1090 2514 subscriptae
1125 2453 1224 2500 nostra
1259 2460 1348 2499 manu

317 2553 441 2622 propter
454 2556 609 2623 urgentem
622 2556 754 2603 nostram
770 2544 994 2623 protectionem,
1006 2556 1137 2603 ceterum
1151 2551 1253 2621 perte,
1267 2561 1350 2620 prae·
1372 2555 1406 2604 to

317 2647 469 2705 nominate
480 2657 620 2723 qtraestor
632 2647 818 2715 Castetianos,
831 2645 904 2704 iacta
917 2655 946 2703 ct
957 2643 1123 2722 subscripta
1138 2642 1282 2702 babemus
1295 2660 1349 2721 pro

319 2759 377 2807 tam
394 2747 488 2806 firmis
502 2761 532 2808 et
549 2748 662 2821 validis,
679 2749 738 2806 acsi
762 2767 815 2806 nos
837 2744 891 2824 ipsi
915 2765 948 2805 ea
964 2745 1253 2823 subscripsissemus,
1268 2744 1350 2821 polii·

318 2867 481 2924 cernurque
504 2860 592 2924 atque
614 2867 802 2907 reservamus
828 2846 999 2905 indemnem
1036 2863 1263 2922 utramcumque,
1298 2845 1351 2923 qui

182 2961 194 3016 tt
208 2962 293 3014 tote.
321 2951 367 3008 iiia
391 2949 587 3027 chirographa
613 2970 627 3007 u
657 2958 684 3007 te
708 2948 885 3023 subscripta,
906 2947 1053 3026 praedicte
1065 2950 1076 3027 ΙΙ
1088 2954 1227 3021 quaestor
1241 2946 1352 3005 Castel-

321 3053 411 3121 ianos,
428 3052 560 3127 recipere
576 3051 731 3130 eontigerit
752 3052 780 3108 iu
803 3050 943 3118 rationes,
958 3050 1078 3126 quando
1093 3048 1213 3125 quidem
1229 3048 1268 3107 ita
1284 3066 1356 3107 eon·
1378 3072 1412 3120 Qtt

321 3152 412 3223 verrit,
429 3165 460 3211 ut
476 3153 536 3223 iiat,
557 3152 679 3212 servitio
702 3152 809 3228 Regiae
829 3151 1002 3223 Maiestatis3
1018 3170 1115 3227 neque
1137 3150 1293 3228 quisquam
1316 3169 1352 3209 ex

321 3254 404 3314 vobis
419 3254 568 3313 diversum
587 3253 706 3312 faciatis.

364 3359 469 3414 batum
487 3354 642 3414 Brusseiiis
658 3374 695 3413 xv
711 3353 883 3414 novembris
898 3351 967 3410 anni
985 3351 1112 3409 txxttt.

1002 3568 1067 3624 Dux
1092 3564 1231 3624 biberius.

911 3669 999 3728 Jussu
1029 3667 1094 3745 ejus
1121 3666 1314 3725 Exeeiientiue
1380 3685 1415 3733 3⁰

948 3769 1077 3828 ioannes
1088 3768 1294 3829 debibornoz.
1514 3760 1515 3821 i
