3046 4836
719 420 869 515 (tre)

312 631 386 690 item
410 626 535 688 diversio
557 624 693 702 personis
715 619 752 680 ad
775 618 857 679 solu-

272 732 367 790 tiones
387 739 418 788 et
438 724 567 786 subsidio
593 720 762 802 pecuniaria
787 719 859 799 ipsis

271 829 414 900 exhibita,
428 826 466 887 de
479 825 590 903 quibus
603 823 711 902 scripte
727 830 757 881 et
771 821 859 880 ratio·

275 950 326 990 nes
342 928 468 990 reddere
488 925 608 994 debent,
624 934 657 983 ut
677 931 812 1002 apparet,
827 922 857 980 in

273 1032 395 1112 triginta
410 1028 527 1090 duobus
541 1025 676 1086 sommis.
904 1022 1024 1084 106845
1040 1042 1100 1083 eor.
1115 1025 1155 1084 35
1169 1023 1212 1103 419
1225 1029 1263 1084 ot.
1353 1021 1367 1068 ὅ

320 1270 480 1348 Inqreseoe
493 1285 551 1347 pro
564 1261 728 1344 eoretot'boe
741 1262 817 1336 titre,

276 1378 418 1446 utputo,
442 1374 595 1446 occeptum
619 1382 677 1445 pro
700 1360 869 1423 distributo.

319 1541 363 1600 Ad
374 1537 526 1618 quoddam
540 1538 685 1615 seriptum
697 1553 738 1594 nn
748 1533 866 1613 augusti

280 1642 382 1701 dotum
397 1640 469 1700 enni
485 1640 584 1698 txxv
601 1657 654 1717 per
673 1634 866 1714 christopho-

282 1762 350 1803 rum
365 1740 559 1801 Schenkium.
909 1736 969 1795 512
983 1752 1044 1795 oor.
1059 1736 1093 1794 tt
1116 1743 1152 1795 st.

324 1843 368 1904 Ad
382 1842 462 1903 aliud
476 1860 556 1900 xxvn
566 1839 634 1919 julii
650 1837 783 1915 ejusdem
798 1836 870 1895 enni

284 1965 338 2024 per
351 1943 495 2004 iacobum
510 1943 547 2001 de
561 1939 712 2000 Chovorri.
914 1937 1035 1999 totoni
1049 1954 1109 1996 eor.
1124 1939 1144 1993 t
1158 1942 1193 1996 st.

324 2045 367 2105 Ad
404 2044 497 2117 eliud,
531 2062 590 2121 quo
626 2039 766 2118 assignati
798 2047 871 2098 sunt

283 2148 437 2227 Alphonso
465 2146 563 2205 Diasio
588 2145 625 2204 de
646 2142 767 2221 Aguilar
791 2140 870 2201 Tho-

285 2267 367 2309 moso
384 2249 483 2308 Fiesco
498 2249 595 2306 Marco
609 2245 708 2304 Nonio
724 2242 875 2319 Alphonso

286 2352 324 2411 de
348 2350 470 2409 Gemino
495 2348 639 2407 Roderieo
665 2345 787 2404 Aivorez
810 2343 874 2402 Cal·

287 2453 379 2514 deire.
917 2446 950 2503 tt
958 2443 1037 2503 teet
1051 2460 1111 2503 cor.
1127 2442 1166 2500 tt
1182 2451 1218 2501 st.

328 2553 475 2613 Thomoso
496 2551 597 2611 Fieooo
621 2559 651 2608 et
676 2549 782 2607 Lazaro
806 2543 873 2624 Spi-

289 2655 387 2714 nulae.
915 2643 1016 2705 totto
1029 2661 1091 2705 eor.
1106 2646 1125 2703 9
1140 2650 1179 2705 εἰ»

219 2786 222 2790 ⁴
329 2756 482 2833 Alphonso
510 2754 548 2813 de
575 2751 698 2812 Camino
729 2748 877 2808 Thomnso

290 2850 879 2933 FieseoetiazaroSpinniaeetPhiiippo

290 2960 412 3018 Cateno.
921 2948 1036 3008 tostot
1055 2965 1117 3006 eor.
1131 2947 1166 3006 ii
1188 2953 1223 3006 st.

333 3061 407 3118 item
441 3054 590 3115 Themeso
631 3053 743 3122 Fieseo,
771 3050 880 3110 ioanni
944 3043 946 3049 ’

292 3158 403 3219 Corieli
434 3155 576 3216 Torrensi
600 3153 708 3214 Joonni
738 3152 880 3211 Motontio

294 3274 325 3322 et
344 3256 560 3336 christophoro
581 3253 743 3331 Pesquiero
765 3266 795 3311 et
816 3252 881 3311 aliis

295 3358 521 3423 mercatoribus.
919 3350 1041 3413 ttoottt
1056 3368 1118 3410 eor.
1134 3350 1172 3408 tt
1187 3358 1224 3410 st.

337 3467 408 3523 item
425 3479 479 3540 per
499 3462 620 3519 Petrum
643 3467 673 3516 et
695 3455 882 3535 Alphonsum

297 3566 333 3625 de
362 3564 484 3623 Camino
511 3561 549 3621 etl
578 3558 750 3620 mandatnm
783 3576 790 3616 ι
818 3555 883 3633 jolii

233 3663 234 3667 ’
297 3666 400 3725 datum
415 3663 486 3723 anni
502 3662 613 3721 LXXV.
921 3655 1076 3715 iisstioor.

338 3766 499 3826 Continent
531 3763 588 3822 hae
620 3777 754 3821 summae
790 3775 884 3816 unum
980 3759 981 3763 ’

298 3868 462 3929 miiiionem
514 3873 634 3924 eentum
688 3858 884 3938 quadraginta

301 3987 393 4028 unum
409 3966 491 4026 mille
509 3971 675 4043 nongentos
692 3958 888 4038 quadraginta
