3056 4856
720 422 768 567 [t
795 456 882 551 n)

308 651 559 733 gubernatoribus
574 656 737 734 capitaneis
750 667 780 717 ot
797 657 893 716 tribus

309 754 440 815 miiiibus
464 756 598 835 quinque
617 757 764 816 militibus
784 771 897 818 vetera·

310 855 357 915 nis
372 866 490 933 praeter
512 857 677 935 praedictos
692 856 722 918 in
740 859 893 936 praesidiis

310 955 428 1016 relictos
438 956 558 1037 triginta
572 966 631 1018 tres
644 959 725 1019 mitie
736 969 892 1020 sexcentos

309 1059 460 1137 sexaginta
476 1070 604 1137 quatuor
622 1070 779 1121 eorouotos
800 1081 893 1122 unum

309 1159 532 1238 musarumque
541 1164 666 1238 peeunia
677 1172 707 1222 et
718 1163 784 1221 aiiis
796 1163 897 1239 viginti

311 1262 442 1322 millibus
483 1264 653 1341 quingentis
701 1263 895 1343 quadraginta

310 1362 428 1423 duobus
442 1364 589 1423 coronatis
603 1374 632 1424 ot
643 1362 763 1424 duobus
774 1364 900 1426 stuieris

311 1461 343 1523 in
359 1482 459 1543 panno
473 1463 531 1524 iltis
546 1466 693 1525 concessis
708 1465 788 1544 apud
802 1465 899 1527 divor·

313 1583 361 1624 sos
383 1574 562 1625 meriutores
584 1566 672 1626 soluti
697 1567 822 1627 suerunt
844 1586 899 1644 pro

312 1665 446 1745 quinque
465 1666 625 1727 mensibus.
645 1667 733 1728 Dedit
749 1678 900 1745 praeterea

313 1767 472 1828 wilhelmo
513 1768 550 1828 de
581 1769 697 1848 Guipeu
734 1770 899 1830 Casteiiano

314 1869 528 1948 lemburgensi
540 1881 660 1929 eentum
677 1873 830 1948 sexaginta
847 1890 898 1930 no-

314 1990 380 2029 vem
416 1979 573 2030 coronatos
601 1970 703 2030 desem
733 1982 764 2031 et
792 1991 899 2032 novem

314 2072 442 2134 stuioros
456 2072 493 2131 ad
510 2090 578 2132 suas
593 2073 723 2133 rationes
738 2092 774 2133 ex
790 2074 900 2153 stipen-

271 2188 276 2195 ·
314 2172 364 2233 dio
380 2173 468 2232 unius
483 2173 590 2232 mensis
604 2173 824 2255 quinquaginta
846 2175 899 2235 mi·

314 2275 399 2334 titum
415 2273 647 2346 ordinariorum,
662 2293 737 2350 quos
759 2274 851 2334 habet
868 2276 897 2333 iu

316 2372 462 2455 praesidio
490 2372 520 2432 iu
549 2373 652 2434 eadem
677 2393 754 2436 arce.
776 2376 899 2435 Summa

315 2476 390 2556 ejus,
399 2475 478 2554 quod
491 2475 659 2553 praedictus
670 2478 785 2536 soiutor
797 2478 826 2535 in
841 2477 905 2535 uni·

316 2596 436 2639 versum
449 2577 616 2637 numeravit
624 2577 783 2657 praedietis
795 2579 902 2657 praesi-

316 2680 373 2739 diis
400 2679 515 2738 ratione
540 2679 680 2756 superius
713 2677 789 2737 dicta
823 2697 905 2737 soxa-

316 2780 397 2860 ginta
414 2797 520 2839 novem
542 2779 622 2838 mitte
643 2779 805 2858 octingenti
828 2798 901 2855 qua·

317 2882 452 2959 draginta
473 2898 523 2939 sex
545 2880 679 2940 coronati
703 2880 824 2957 triginta
843 2891 901 2939 tres

317 2983 432 3044 stuteni.
941 2982 1041 3041 tauto
1057 3000 1117 3041 eor.
1132 2982 1170 3041 55
1186 2994 1210 3039 st
1237 2982 1279 3057 (i)

358 3084 467 3146 Eodem
482 3101 562 3144 anno
573 3083 690 3142 nxvttt
702 3082 816 3141 enitenti
832 3092 904 3141 sunt

317 3188 415 3249 adbuo
436 3187 495 3247 duo
518 3185 596 3245 mitte
616 3183 797 3262 septingenti
818 3183 904 3260 quin·

317 3288 456 3369 quaginta
468 3307 519 3347 sex
531 3287 647 3365 pedites
658 3286 796 3359 volones,
807 3285 858 3362 qui
872 3284 901 3345 in

319 3389 473 3470 praesidiis
491 3398 590 3448 esseut
607 3388 722 3446 areium
744 3396 772 3446 et
788 3389 904 3465 ingres-

268 3695 271 3699 ’
357 3701 398 3770 (t)
420 3699 472 3753 Par
485 3696 623 3751 i'addition
633 3695 681 3748 des
691 3711 807 3748 sommas
819 3696 866 3765 qui
875 3704 937 3750 sont
956 3691 1175 3764 communiqudes
1194 3693 1261 3747 daus
1281 3700 1350 3746 eette

319 3798 405 3867 partie
424 3794 462 3848 du
481 3792 629 3847 manuscrit
648 3807 683 3844 on
705 3789 908 3862 n'obtientque
927 3788 1348 3855 69,856mron.5dstnfi1’out·
1375 3807 1404 3853 30

319 3892 376 3947 etro
389 3889 477 3944 taut-il
491 3894 587 3941 mettre
597 3903 632 3940 au
643 3887 762 3958 premier
772 3887 867 3940 artieie
878 3887 914 3939 du
926 3894 1032 3955 eoinpte
1048 3910 1060 3936 ι
1071 3887 1193 3939 tredecim
1203 3887 1322 3939 coronati
1333 3906 1343 3929 ·

320 4005 354 4043 au
366 3988 422 4041 tien
434 3986 469 4039 de
487 4008 498 4033 a
510 3991 561 4036 tm
570 3983 688 4036 comanti
698 4002 723 4032 ι.
