3056 4856
757 442 887 541 (62)

355 639 509 700 Fauneisoo
530 639 567 699 de
583 639 666 698 ibat-a
682 641 850 703 consiliario
866 647 895 703 in

312 740 403 801 rebus
428 740 540 801 bellicis
564 740 672 818 Regiae
697 742 854 803 Maiestatis
879 765 895 804 a

313 842 431 902 amantii
443 840 514 901 anni
526 842 629 901 txvtt
642 860 737 919 usque
751 843 786 903 ad
804 843 895 905 finem

309 944 376 1022 juiii
391 944 461 1004 anni
476 944 558 1015 LXX,
570 961 630 1020 quo
642 943 792 1022 proiectus
808 959 852 1005 est
865 949 892 1006 in

312 1044 480 1123 Hispaniam
513 1041 649 1103 ducentis
680 1046 828 1105 coronatis
864 1046 893 1107 in

311 1163 443 1207 mensem
465 1147 597 1223 quinque
620 1145 724 1223 primis
744 1148 897 1209 mensibus

311 1247 458 1308 coronatis
477 1258 596 1307 eentum
618 1260 646 1306 et
667 1246 767 1307 decom
788 1250 896 1310 soiido-

310 1349 501 1426 rumreiiquo
512 1359 646 1425 tempore
656 1349 773 1427 triginta
787 1369 893 1411 novem

309 1448 492 1510 stuieaoaum
508 1458 574 1508 oeto
590 1448 669 1508 mitia
683 1461 801 1509 eentum
822 1471 892 1529 qua·

273 1542 276 1547 ’
309 1550 444 1630 draginta
456 1550 587 1610 coronati
599 1568 649 1611 seat
661 1550 767 1611 stuieti
782 1563 812 1611 et
826 1562 893 1613 oeto
1365 1579 1392 1627 to
1485 1597 1487 1602 ,

310 1652 398 1713 oboli·
935 1658 1015 1717 atto
1028 1677 1089 1720 eor.
1104 1661 1124 1721 6
1139 1669 1174 1721 st.
1191 1663 1209 1722 8
1224 1663 1262 1723 ob

349 1752 486 1814 Gabaieio
504 1752 662 1812 Cerviiioni
679 1754 846 1814 consiliario
863 1755 892 1815 in

307 1859 398 1920 rebus
409 1855 520 1917 beiiieis
530 1856 662 1934 ejusdem
675 1858 823 1916 exercitus
839 1877 893 1936 pao

309 1979 363 2020 suo
377 1957 528 2038 stipendio
547 1976 563 2016 a
584 1975 592 2015 t
613 1956 681 2015 maii
702 1958 771 2017 anni
788 1959 891 2018 txt'tt

309 2059 456 2137 usquead
479 2057 570 2118 finem
591 2058 708 2136 augusti
723 2059 793 2118 anati
817 2061 892 2119 txx

308 2173 427 2222 eentum
442 2160 657 2239 quinquaginta
678 2179 729 2221 aex
744 2164 892 2222 coronatis

309 2262 450 2341 etviginti
462 2262 639 2321 sexstuieais
651 2263 681 2320 in
694 2279 827 2322 mensem
840 2281 891 2324 sex

307 2361 387 2423 mille
403 2362 522 2422 ducenti
545 2362 694 2442 sexaginta
711 2371 825 2440 septem
844 2382 890 2422 eo-

307 2463 403 2525 ronati
419 2462 519 2523 deecm
535 2473 564 2522 et
580 2481 685 2523 novem
701 2462 816 2523 stuieai.
934 2468 1013 2529 6267
1029 2486 1088 2528 eoa.
1106 2471 1144 2531 ta
1159 2482 1195 2530 st.

347 2562 501 2626 Nobilibus
522 2564 630 2644 Regiae
649 2563 818 2638 Maiestatis,
839 2567 890 2643 qui

307 2676 483 2727 meruerunt
501 2673 530 2726 et
552 2663 650 2725 adhue
671 2675 788 2726 merent
808 2667 888 2744 apud

306 2771 416 2829 Ducem
432 2764 578 2828 Albanum
596 2785 650 2846 pro
665 2767 728 2827 suis
738 2767 892 2848 stipendiis

305 2870 430 2930 diversis
451 2880 540 2945 atque
554 2864 673 2927 diverso
696 2877 829 2946 tempore
844 2869 891 2926 in-

305 2972 407 3052 ceptis,
427 2987 555 3048 quorum
578 2968 730 3029 nonnuliis
755 2971 890 3046 persolu-

174 3079 279 3142 ptowa.
306 3077 439 3156 tumuese
449 3088 606 3149 quousque
620 3069 650 3127 in
663 3068 766 3128 ossioiis
782 3071 889 3148 ospita-

305 3191 431 3234 neonum
442 3182 493 3232 aut
511 3170 576 3231 aliis
590 3168 713 3230 suerunt
724 3170 887 3242 antistitum,

303 3269 891 3349 aiiisautem,quousqueiueeuntaman·

303 3376 362 3437 dati
384 3376 413 3435 in
437 3373 610 3451 Hispaniam
628 3381 680 3430 aut
702 3370 815 3430 italiam
837 3380 889 3430 aut

303 3478 333 3537 in
355 3477 425 3537 alias
447 3476 593 3554 regiones,
608 3473 713 3549 iisque,
734 3471 785 3549 qui
808 3491 888 3531 nuno

301 3586 429 3652 merent,
450 3575 559 3654 quibus
578 3575 708 3635 solutum
727 3581 772 3633 est
794 3590 889 3651 usque

301 3679 337 3741 ad
354 3678 444 3740 finem
456 3675 629 3737 novembris
640 3673 710 3734 anni
723 3674 816 3733 Lxx:
834 3674 887 3734 tei-

302 3781 383 3862 ginta
411 3786 476 3840 oeto
504 3774 584 3836 milio
612 3773 798 3854 septuaginta
827 3775 888 3834 duo

303 3880 435 3943 coronati
468 3875 589 3957 triginta
618 3875 752 3955 quinque
784 3874 890 3937 stuieri

303 3992 432 4061 quatuor
445 3977 534 4042 oboli.
930 3975 1029 4037 tauta
1051 3995 1113 4037 cor.
1132 3980 1170 4040 55
1193 3989 1229 4040 st.
1251 3981 1337 4042 tob.
