3056 4856
654 413 781 512 (55)

191 603 325 678 staturis,
354 624 429 685 quus
460 609 607 671 Antonius
638 612 676 672 dc
709 613 780 672 lara

193 715 363 784 postremus
379 710 544 771 earundem
562 712 777 772 commissariu-

191 825 258 867 rum
280 810 422 888 acecpita
441 810 566 872 dirersis
588 812 734 890 personis,
748 822 778 873 ct

191 905 309 969 duabus
323 911 472 972 coronatis
484 913 582 974 minus
597 915 688 974 Putria
699 912 737 974 tiu
752 915 777 973 ia
879 982 882 985 ¹

150 1008 296 1082 abbacia
333 1014 392 1090 (i),
426 1013 559 1075 efficiunt
597 1016 776 1093 praedictam

189 1110 347 1174 summam
419 1148 450 1157 =·
498 1186 500 1189 ¹
822 1118 1099 1178 ausubusacta.

230 1214 287 1288 Eis,
322 1215 373 1292 qui
404 1214 620 1296 praestiterunt
647 1217 779 1279 cilicium
852 1233 854 1241 ’

188 1310 335 1375 audituris
369 1318 516 1395 gencraiis
557 1317 586 1377 in
626 1318 778 1395 praedicto
812 1388 815 1391 ,
1003 1397 1007 1406 ¹
1126 1350 1132 1382 a

189 1418 333 1494 exercitu,
347 1426 407 1479 trcs
423 1419 502 1479 miiie
517 1420 647 1480 sexcenti
662 1432 692 1480 ct
705 1439 777 1498 qua·

133 1527 172 1601 tu
189 1516 324 1598 draginta
339 1518 399 1580 dua
413 1519 546 1581 coronati
563 1520 682 1600 triginta
700 1539 777 1581 unus

188 1621 334 1695 renierus,
351 1623 488 1684 videlieet
502 1623 664 1684 Licentiata
680 1622 778 1684 iiarri·

189 1722 282 1784 brana
297 1723 334 1784 de
356 1724 490 1785 [acuaris
511 1743 567 1803 pra
580 1723 730 1803 stipendia
747 1733 777 1785 ct
856 1758 861 1793 2

187 1821 297 1884 auxilio
312 1838 487 1902 sumptuum
508 1844 579 1885 suae
594 1844 774 1903 personnae

187 1925 326 2004 xaprilis
346 1927 418 1985 anni
442 1926 555 1998 txvtt
577 1944 636 2001 quo
657 1944 774 1997 merere

131 2037 162 2084 tu
185 2023 308 2105 incepit,
319 2046 415 2106 usquc
430 2025 466 2085 ad
478 2046 497 2087 x
507 2026 636 2087 octubris
651 2045 775 2105 sequeu-

187 2127 235 2200 tia,
249 2147 308 2206 qua
324 2127 422 2187 babitu
440 2129 555 2188 licentia
573 2147 711 2189 reversus
726 2137 770 2190 cst

186 2231 216 2290 in
233 2229 403 2309 Hispaniam
418 2229 520 2288 relicto
535 2229 642 2301 abicio,
654 2240 773 2309 septua-

185 2332 267 2410 ginta
281 2331 416 2410 quinque
430 2331 578 2390 carucatis
593 2331 623 2389 in
639 2348 771 2389 mensem

186 2444 216 2493 ct
229 2432 291 2493 suis
305 2431 482 2493 officialibus
496 2432 650 2492 abeodem
664 2430 774 2511 capri·

131 2538 161 2586 ¹)
184 2533 221 2594 iis
236 2534 381 2612 usquead
397 2552 475 2593 xatnt
491 2533 671 2610 septembris
691 2514 792 2592 cius-⁸

184 2636 251 2696 dem
273 2636 344 2695 anni
363 2636 513 2713 sexaginta
535 2654 585 2694 sex
608 2634 772 2706 coronatia;

183 2738 243 2797 duc
269 2736 349 2796 mibe
370 2746 469 2796 antem
496 2733 659 2813 octingenti
684 2738 772 2812 quin·

183 2839 324 2918 quaginta
349 2837 409 2897 dua
432 2837 563 2899 coronati
588 2837 643 2915 qui
662 2854 769 2913 supcr-

183 2947 265 3012 sunt,
275 2941 395 2999 Ductori
410 2938 565 2997 Ambrosia
578 2936 770 3013 attenuari

130 3046 158 3099 tt
182 3042 209 3113 ei
224 3041 372 3120 suceessit,
386 3056 444 3122 pro
458 3038 607 3114 stipendia
623 3055 694 3097 suac
707 3056 773 3116 per·

182 3159 302 3201 sunaea
326 3159 334 3200 r
351 3138 530 3217 septembris
550 3138 621 3197 triani
644 3138 771 3209 txvttt,

181 3260 242 3322 quo
257 3260 373 3302 merare
389 3240 508 3320 incepit,
520 3257 615 3316 usque
630 3238 769 3319 adfinem

182 3342 361 3423 septembris
375 3342 445 3402 anni
465 3342 539 3400 LXX
555 3340 771 3419 quinquaginta

181 3444 330 3505 coronatis
344 3443 375 3503 in
389 3460 531 3511 menscm,
544 3453 574 3501 ct
585 3446 647 3501 suis
660 3440 768 3501 assicia·

129 3547 158 3599 ³⁰
180 3545 259 3608 libus
287 3565 303 3605 a
332 3562 341 3606 r
371 3545 501 3605 octobris
533 3543 666 3622 ejusdem
700 3542 771 3602 tanai

182 3647 298 3707 txvttt
314 3648 457 3723 usquead
480 3643 571 3703 fiuent
590 3642 769 3721 septembris

179 3748 251 3807 anni
277 3748 350 3806 LXX
368 3746 519 3822 sexaginta
539 3762 590 3804 sex
611 3744 769 3814 coronatis,

180 3898 1207 3929 ...-.-.----—-----——-—----

221 4025 263 4094 (i)
283 4023 359 4078 cette
370 4024 460 4096 partic
472 4029 513 4077 est
526 4017 644 4074 matilia.
