3056 4856
736 406 866 504 (84)

321 616 377 671 Pro
404 621 524 671 centum
546 609 700 669 duodecim
724 606 863 685 stragulis

280 716 360 774 mille
375 711 509 773 ducentis
524 711 628 789 viginti
648 709 766 769 duobus
785 707 863 766 ulnis

144 818 204 878 11101
219 817 254 863 31-
279 815 484 877 constantibus
509 813 545 873 ad
571 811 726 873 servitium
738 817 750 890 ΙΙ
761 812 868 889 Regiae

279 916 437 977 Maiestatis
453 914 633 973 transmissis
648 914 728 972 mille
742 912 864 971 trecenti

279 1020 430 1097 sexaginta
446 1015 505 1075 duo
526 1016 657 1074 coronati
681 1025 740 1073 tres
763 1011 868 1072 staleri

279 1139 347 1179 eum
362 1118 498 1179 dimidio.
906 1113 984 1175 1561
998 1130 1058 1172 cor.
1075 1115 1093 1171 ὅ
1107 1108 1140 1185 Ἰ,
1153 1122 1189 1172 st.

322 1223 379 1280 Pro
421 1218 572 1279 nonnullis
611 1215 792 1276 membranis
830 1215 865 1273 ao

280 1323 400 1401 Regiam
455 1320 637 1378 Maiestatem
687 1316 867 1375 transmissis

265 1460 267 1465 »
281 1424 383 1482 decem
400 1432 429 1479 ct
444 1429 510 1479 octo
524 1418 666 1477 coronati.
912 1417 950 1476 18
964 1433 1023 1474 eur.

323 1523 461 1602 Magistro
480 1519 614 1579 tttctraeti
635 1518 742 1578 Coxiac
763 1516 867 1592 pictori

281 1625 389 1703 Regiae
409 1623 566 1683 Maiestatis
587 1620 707 1680 ducenti
735 1618 868 1695 quinque
963 1689 967 1694 .

281 1726 413 1786 coronati
445 1725 578 1802 quinque
608 1720 713 1782 stuleri
739 1719 869 1778 bonora-

244 1818 247 1824 ’
283 1829 361 1886 rium
376 1827 488 1886 donum
512 1843 567 1904 pro
588 1823 686 1883 tabula
710 1821 870 1880 descensus

281 1928 389 1989 Christi
413 1946 448 1986 ex
471 1943 559 1985 cruce
580 1923 616 1983 ad
638 1926 746 2001 Regem
772 1919 810 1980 ab
833 1938 868 1979 eo

283 2034 381 2089 missa.
628 2014 631 2021 ’
912 2020 1045 2078 105101.
1061 2021 1079 2076 5
1094 2026 1129 2076 st.

324 2132 381 2187 Pro
397 2127 505 2207 praerili
519 2125 716 2203 suppellectili
729 2133 869 2201 argentea

283 2230 391 2308 Regiae
406 2229 563 2288 Maiestatis
586 2227 669 2304 jussu
696 2224 866 2295 transmissa

283 2331 485 2392 Serenissimis
510 2327 697 2406 Principissis
718 2325 778 2384 suis
801 2322 873 2381 iilia·

283 2436 339 2495 bus
360 2441 479 2493 eentum
495 2428 719 2508 quatuordecim
736 2424 868 2486 coronati

282 2532 507 2615 quatuordecim
522 2530 640 2592 stuieri.
908 2525 966 2583 ttt
980 2540 1039 2582 eor.
1056 2524 1095 2580 11
1109 2532 1145 2580 st.

324 2640 381 2697 Pro
409 2635 588 2714 quibusdam
625 2631 712 2710 pupis
747 2627 868 2688 nomine

281 2738 388 2818 Regiae
410 2735 568 2798 Maiestatis
597 2733 633 2791 ad
659 2728 866 2791 Serenissimas

283 2839 476 2916 erinetptssas
503 2835 659 2895 Boltemiae
689 2827 869 2892 transmissis

282 2949 401 3001 centum
417 2938 631 3015 quinquaginta
647 2931 790 2993 coronati.
908 2928 967 2987 t50
981 2943 1044 2986 cur.

322 3038 492 3100 Christiano
513 3040 657 3111 Sgroteno
675 3033 710 3091 ad
739 3032 867 3090 rationes

281 3145 354 3221 ejus,
374 3139 453 3217 quod
475 3138 608 3214 accipere
627 3134 715 3194 debet
731 3151 784 3211 pro
800 3132 866 3191 des·

280 3242 427 3321 eriptione
460 3240 567 3299 boram
601 3247 743 3303 statuum,
777 3250 865 3308 quam

280 3346 349 3405 iecit
360 3345 465 3423 Regiae
478 3341 631 3413 Maiestati,
642 3336 762 3397 ducenti
778 3335 864 3411 qirin·

280 3447 419 3526 quaginta
445 3463 496 3504 sex
521 3441 653 3503 coronati
679 3435 866 3518 vigintiduo

280 3547 396 3610 stuferi.
907 3533 966 3593 aba
981 3549 1041 3592 cor.
1059 3530 1096 3588 16
1112 3536 1148 3588 st.
1164 3528 1218 3623 (1).
1337 3533 1366 3579 30

279 3730 1309 3766 .......-.......-.--——-———-—

320 3893 360 3962 (t)
384 3889 514 3961 Compare
525 3905 576 3941 aux
589 3884 828 3940 communicatione
848 3881 884 3932 du
899 3883 978 3942 texte,
993 3877 1018 3928 le
1032 3873 1144 3928 nombre
1157 3871 1204 3924 des
1216 3869 1313 3938 atufcri

284 4008 318 4044 nc
336 3988 435 4043 semble
449 4003 495 4057 pas
504 3987 584 4054 juste.
