3046 4836
646 474 801 567 (¹75)

205 683 318 750 septem
330 680 487 731 coronatos
500 671 604 750 viginti
617 681 731 750 septem
748 676 791 747 11)

203 771 342 834 stuferos.

246 876 303 934 Pco
318 873 514 934 interessibus
529 874 684 934 abeodem
708 876 788 934 sotu-

205 988 269 1038 toce
294 976 419 1035 diversis
446 976 659 1036 mercatoribus
688 977 792 1036 solutis

164 1090 178 1136 5
206 1098 260 1157 pco
276 1079 399 1155 pecunia
416 1077 453 1137 ab
469 1078 511 1136 eis
525 1087 643 1154 accepta
659 1077 695 1137 ad
711 1097 791 1137 cam-

205 1179 287 1239 bium
296 1177 491 1237 ctfinanciam
501 1176 535 1236 ad
547 1178 661 1257 negotia
671 1179 791 1237 servitio

837 779 848 835 ’1
859 778 977 839 111947
992 795 1052 837 coc.
1068 779 1106 836 at
1122 786 1158 836 st.

205 1281 312 1358 Regiae
369 1279 527 1339 Maiestatis
585 1281 790 1340 convenientia
877 1359 878 1362 Ἴ

204 1382 328 1441 divensis
343 1380 529 1459 temporibus
550 1391 581 1440 et
599 1382 636 1441 ad
658 1381 790 1441 diversos

204 1482 386 1566 titecminos,
410 1500 486 1558 quae
516 1483 640 1561 pecunia
669 1494 789 1561 accepta
845 1482 849 1488 ’

151 1589 179 1637 to
205 1583 262 1642 suit
276 1600 312 1641 ex
327 1581 432 1642 ordine
447 1582 580 1660 ejusdem
598 1583 789 1642 commenda-

206 1683 278 1743 toris
294 1693 351 1742 tam
367 1682 460 1742 verbo
474 1701 562 1759 quam
578 1684 705 1761 scriptis.

246 1782 288 1843 Ad
297 1783 397 1843 literas
406 1784 563 1842 solutorias
573 1785 667 1843 tentiis
679 1803 790 1843 auctua-

206 1884 284 1944 iibus
299 1883 425 1944 diversis
439 1883 565 1943 ducibus
577 1896 606 1943 et
618 1884 792 1944 officialibus

106 2006 109 2011 ·
207 1986 339 2064 ejusdcm
355 1986 503 2045 exercitus
522 2005 576 2064 pio
593 1985 679 2046 tectio
692 1987 794 2046 uttimo

153 2100 182 2146 ta
208 2087 354 2165 completo
396 2087 451 2145 sub
494 2084 584 2145 finem
627 2085 794 2146 decembris

207 2186 277 2246 anni
293 2188 405 2247 LXXV.

249 2290 289 2346 Ex
315 2288 372 2347 iliis
397 2288 532 2363 sommia,
557 2307 631 2364 quas
656 2301 796 2366 quaestor

210 2389 402 2450 Navacnetius
430 2390 555 2449 solutori
586 2409 645 2449 non
676 2389 794 2449 admisit

211 2494 240 2549 in
256 2492 460 2550 aestimatione
471 2490 508 2550 ab
520 2510 554 2549 eo
568 2491 638 2550 inita
654 2492 794 2567 usquead

156 2597 187 2646 20
212 2591 300 2649 finem
323 2590 467 2650 februarii
489 2592 558 2649 anni
585 2592 694 2660 txttV,
720 2610 795 2668 quae

212 2702 311 2768 postea
326 2691 489 2750 elucidatae
504 2692 618 2752 admitti
634 2693 746 2752 debent
761 2692 797 2751 ad

211 2794 350 2851 rationes.

253 2894 309 2952 Pro
320 2893 468 2970 expensis,
479 2912 552 2970 quas
566 2894 705 2954 officiales
717 2895 795 2972 ejus-

212 2994 278 3053 dem
305 2993 444 3054 solutoris
465 2995 638 3067 ostendunt,
658 2995 742 3055 sactis
767 2996 797 3054 in

157 3104 187 3154 tt
211 3094 392 3155 traducenda
409 3096 533 3173 pecunia
549 3095 584 3155 ad
600 3097 716 3156 divcesa
734 3097 794 3156 ioca

210 3208 240 3256 et
254 3214 309 3275 pro
320 3195 451 3256 custodia
467 3195 555 3256 iiiios.

251 3296 293 3356 ud
319 3297 465 3374 quaedam
491 3296 600 3376 scripta
626 3299 738 3358 domini
764 3298 801 3358 de

212 3399 370 3460 ludeveido
390 3400 426 3458 ad
448 3399 554 3459 classes
579 3401 800 3471 concernentia,

211 3519 287 3577 quac
307 3500 444 3560 Nicotaus
466 3503 540 3560 Vaut
562 3501 697 3561 exitibuit
719 3503 799 3562 miiie

157 3608 188 3659 3⁰
212 3603 451 3683 octingentorum
487 3604 588 3663 decem
626 3616 655 3664 et
691 3623 797 3664 novem

213 3717 422 3765 coronatorum
445 3705 579 3784 quinquo
606 3706 802 3777 sittianorum,

215 3805 300 3882 cujus
324 3825 459 3865 summae
484 3804 560 3866 idem
585 3808 699 3866 solutoc
723 3805 804 3866 dedit

255 4069 295 4140 (1)
318 4071 337 4123 u
352 4069 411 4124 iaut
424 4071 473 4123 tice
487 4086 534 4123 sec
546 4088 580 4125 au
594 4072 648 4124 lieu
662 4070 695 4123 de
709 4077 814 4138 septem.

831 1685 930 1745 tatto
944 1704 1005 1745 coc.
1023 1687 1041 1744 7
1056 1696 1093 1747 st.

842 2189 940 2249 idm
955 2202 1017 2248 coc'.

841 2796 920 2854 atta
935 2814 996 2856 coc.
1011 2797 1030 2853 9.
1044 2796 1086 2876 idq
1102 2808 1137 2858 st.

836 3200 916 3258 otoo
930 3217 989 3258 coc.
