3046 4836
730 478 885 575 (iao)

323 679 481 737 licentiato
522 677 695 737 Sebastiano
736 677 867 754 Alpheae

282 780 410 839 auditori
436 778 516 838 tertii
543 789 708 838 castrorum
734 781 867 860 magistri

283 881 395 940 domini
411 880 589 940 Ferdinandi
604 900 619 938 a
635 880 769 940 Theleto.
907 886 947 940 50
962 902 1022 943 000.

323 985 410 1042 Petro
422 980 557 1041 Mediana
569 1000 605 1040 ex
618 991 715 1041 turma
731 981 869 1059 Gasparis

281 1084 395 1143 Ortizii.
910 1085 947 1142 te
962 1100 1022 1142 eor.

323 1185 448 1244 Domino
473 1182 579 1242 loanni
601 1180 752 1241 Mendesio
774 1181 866 1259 equiti

281 1285 394 1345 ordinis
409 1286 436 1342 S⁴
451 1282 562 1343 Jaeobi.
913 1286 973 1343 000
987 1304 1047 1347 000.

321 1384 457 1443 Auditori
472 1382 620 1461 Paregiae.
912 1387 952 1445 90
967 1404 1027 1447 eor.

323 1488 407 1545 Dum.
432 1483 470 1542 de
495 1483 603 1561 Lojono
625 1483 656 1541 iu
677 1501 765 1542 suum
789 1486 868 1565 regi·

280 1597 425 1646 mentum.
911 1587 991 1646 5070
1007 1607 1067 1649 000.
1084 1593 1121 1650 56
1137 1602 1172 1648 st.

321 1685 498 1746 Comissario
513 1686 614 1745 Laraio
628 1684 785 1746 Charonio.
912 1689 949 1747 70
965 1707 1016 1748 000
1031 1691 1049 1747 0
1065 1698 1102 1750 st.

319 1787 483 1847 Secretarie
502 1786 663 1846 Baltlrasari
677 1788 797 1864 Lopesio
809 1806 864 1866 000

279 1890 395 1949 duobus
412 1888 572 1949 mensibus.
904 1893 944 1950 to
959 1909 1019 1950 000.

318 1993 391 2049 ltem
411 1991 536 2049 trecenti
555 1990 687 2048 coronati
707 1989 744 2049 ad
762 1989 862 2050 literas

278 2090 441 2166 quaestoris
473 2090 638 2148 Navarretii
668 2091 699 2148 in
728 2091 862 2150 xenodo-

276 2189 374 2247 chium
412 2189 683 2248 Bruherslravense
705 2190 747 2269 (l)
776 2190 861 2250 fratri

275 2294 380 2351 lontani
398 2291 596 2352 ssrnssellensi.
905 2296 963 2353 507
979 2313 1041 2356 000.
1055 2299 1093 2355 07
1110 2311 1143 2355 st.

315 2394 528 2466 Quaestoribus
542 2404 570 2452 at
586 2395 709 2453 solutori
722 2412 775 2472 000
789 2393 860 2453 duo-

276 2495 329 2554 bus
346 2496 497 2555 mensibus
513 2495 588 2571 majo
604 2504 633 2554 et
645 2495 741 2572 junio.
904 2497 964 2556 086
980 2516 1041 2556 000.

312 2597 418 2656 loanni
429 2597 550 2675 lepesin
563 2596 666 2673 viginti
678 2596 810 2655 coronati
821 2596 857 2655 ad

272 2717 427 2774 expensas,
444 2718 516 2775 quas
531 2698 663 2756 lecturos
679 2709 742 2756 erat
758 2698 787 2755 in
805 2696 859 2756 de·

271 2798 414 2857 ducendis
429 2819 478 2857 sex
497 2799 627 2857 millibus
642 2810 853 2857 coronatorum
910 2849 915 2858 .

271 2902 488 2959 Valeneianam.
896 2903 936 2962 00
950 2920 1012 2961 000.

312 3000 465 3059 Dominieo
486 3001 522 3059 de
546 3002 636 3059 ilrino
656 2999 692 3058 ad
709 3019 856 3078 expensas

269 3102 393 3176 itineris,
405 3121 471 3160 eum
485 3103 653 3160 mitteretur
666 3103 858 3162 valencianas

268 3204 401 3262 facturus
417 3222 505 3261 unam
521 3202 697 3261 solutionem
712 3203 781 3262 arei.
893 3207 931 3264 ll
947 3223 1008 3267 eor.
1026 3207 1044 3263 6
1060 3216 1096 3264 st.

307 3304 423 3363 loliano
438 3305 571 3363 Fontano
587 3304 687 3381 llajori
702 3304 736 3362 ad
753 3305 854 3363 literas

267 3405 434 3467 solutorias.
898 3409 936 3467 50
951 3425 1011 3470 000.

309 3507 459 3566 leonardo
479 3508 617 3565 Tarsensi
633 3504 668 3564 ad
685 3507 798 3565 litteras
815 3525 854 3565 nn

265 3607 375 3666 martii.
892 3606 945 3665 551
965 3624 1026 3667 000.
1042 3608 1080 3666 55
1096 3615 1133 3666 st.

305 3708 410 3777 loanni
440 3706 564 3767 Henrieo
593 3708 761 3784 llonprotio
798 3725 852 3784 000

264 3807 408 3867 interesse
437 3808 540 3887 viginti
570 3809 695 3867 millium
728 3827 853 3868 eorona-

264 3920 372 3968 touum.
896 3908 955 3966 550
969 3925 1029 3966 000.

301 4172 344 4236 (ll
363 4172 433 4224 C'est
447 4171 650 4237 probabtement
667 4173 907 4229 Brouwershaveu.
