3056 4856
603 431 731 531 (61)

178 703 366 786 Stipendium
382 709 641 786 cataphractorum
656 728 722 776 tur-

252 824 370 867 marum
385 806 491 870 trorum
507 819 652 875 statuum.

200 997 353 1057 'tredecim
368 1002 473 1059 turmis
486 1003 743 1080 cataphractorum

161 1097 302 1158 ordinum
315 1098 560 1162 horumstatuum
573 1107 747 1185 proscipen·

123 1215 138 1261 t
162 1200 210 1259 mo
234 1211 363 1278 quatuor
382 1204 528 1263 mensium
549 1205 584 1263 ad
605 1224 745 1286 magnum

161 1301 343 1379 stipendium
359 1303 452 1381 (quod
466 1313 583 1383 vocant)
598 1327 612 1365 a
630 1327 685 1367 xxv
695 1308 758 1387 ju·v

163 1402 282 1462 niianni
296 1405 476 1482 LXVil‚quo
487 1417 572 1467 erant
585 1409 698 1468 solutae
711 1412 745 1469 ad

163 1505 293 1565 rationes
313 1504 459 1566 dictorum
485 1519 630 1585 statuum,
654 1530 747 1586 usquc

163 1605 199 1664 ad
214 1625 274 1666 xxu
288 1609 418 1668 octobris
430 1609 613 1686 insequentis
630 1611 749 1691 triginta

110 1713 140 1760 to
163 1706 268 1766 diebus
298 1708 327 1767 in
358 1728 489 1769 mensem
518 1712 668 1790 sexaginta
693 1721 749 1772 tres

166 1808 243 1868 mille
267 1808 389 1868 trecenti
410 1812 595 1890 septuaginta
615 1815 748 1889 quinque

164 1910 297 1969 coronati
311 1911 371 1970 duo
385 1911 472 1971 oboti.
791 1918 890 1980 65575
905 1936 966 1978 cor.
981 1920 1000 1978 2
1015 1920 1062 1981 obt

168 2149 303 2210 Diversis
312 2151 451 2229 personis
463 2151 494 2209 ia
505 2150 603 2210 eoam
615 2152 746 2212 exercitu

207 2252 385 2311 mercatibus
420 2258 480 2310 tom
517 2270 552 2311 ce
591 2249 749 2333 stipendiis

114 2372 144 2419 ta
160 2394 161 2398 =
209 2372 299 2435 quom
314 2351 458 2413 subsidiis
472 2363 659 2430 sumptuum.

210 2543 378 2603 Contessori
390 2544 474 2602 ducis
483 2543 587 2602 titani
601 2562 616 2601 a
629 2561 636 2602 ι
649 2543 751 2619 aprilis

169 2646 240 2704 anni
252 2646 355 2706 txvtt
369 2644 508 2721 usquead
522 2643 611 2703 finem
625 2653 754 2723 septem·

170 2747 232 2807 bris
249 2748 335 2806 txxt
351 2746 594 2806 duobusducatis
611 2753 755 2805 trecento·

172 2869 239 2909 runt
255 2860 285 2909 ct
299 2849 484 2928 septuaginta
500 2850 632 2925 quinque
649 2849 755 2925 dipon-

118 2974 149 3022 ρο
174 2951 291 3012 diorum
315 2952 344 3011 in
370 2950 501 3027 singulos
524 2968 578 3026 per
597 2949 676 3009 diem
697 2960 756 3009 tres

174 3053 254 3113 milic
269 3062 388 3112 centum
407 3052 558 3129 sexaginta
580 3070 657 3111 unua
676 3070 757 3111 coro-

175 3154 235 3213 nati
251 3152 354 3230 viginti
372 3170 448 3210 rinus
463 3150 580 3211 stuieri.
797 3152 872 3213 etet
893 3170 952 3213 cor.
969 3154 1004 3213 m
1024 3162 1061 3213 st

217 3256 379 3315 Licentiato
393 3253 499 3312 ioanni
520 3253 556 3312 de
573 3254 683 3331 Vargas
706 3270 761 3329 pro

177 3374 232 3416 suo
247 3356 393 3434 stipendio
408 3374 423 3412 a
440 3372 499 3413 xxv
514 3353 647 3431 ejusdem
658 3353 761 3431 aprilis

121 3488 153 3536 25
178 3475 273 3534 usque
301 3456 337 3515 ad
367 3456 456 3515 tinem
489 3453 662 3514 novembris
691 3456 761 3513 anni

178 3559 265 3617 LXX!
280 3575 330 3617 sca
343 3555 474 3615 coronati
487 3573 541 3633 per
552 3552 630 3613 diern
648 3562 766 3632 practer

177 3660 250 3720 alies
261 3671 390 3735 quatuor
400 3668 556 3717 coronatos
568 3656 598 3716 in
611 3654 700 3726 diem,
712 3656 763 3732 qui
827 3660 830 3664 ’

178 3761 220 3821 illi
235 3770 460 3820 numerantura
477 3767 631 3837 receptore
642 3775 677 3816 ex
693 3774 763 3817 eon·

179 3860 381 3922 fiecationibus
393 3859 494 3919 decem
506 3859 585 3918 mitte
593 3857 761 3935 octuaginta

180 3981 237 4024 eon
246 3963 388 4022 coronati.
810 3959 909 4019 10086
925 3976 986 4019 cer.
