3056 4856
647 455 775 555 (5³)

246 652 286 711 lin
317 650 461 711 militibus
496 650 707 731 praesidiariis,
737 650 788 728 qui

207 752 349 813 tenebant
363 751 516 830 ingressus
527 751 636 812 horum
648 763 790 824 statuum,

205 852 323 913 dcdueti
339 853 460 912 suntad
476 852 663 913 militandum
681 853 710 911 in
726 871 789 911 cos-

206 954 347 1015 trisauno
360 955 476 1015 uxvttt
488 955 548 1014 duo
562 955 643 1015 mille
657 957 788 1015 sexcenti

166 1071 181 1115 a
204 1060 351 1136 octoginta
368 1057 426 1116 duo
443 1056 556 1134 pedites
572 1057 710 1127 volones,
735 1057 786 1135 qui

206 1157 356 1218 distributi
387 1157 510 1217 luerunt
534 1158 564 1217 in
593 1158 687 1218 tribus
715 1160 791 1235 rogi·

207 1259 314 1319 mentis
327 1260 462 1335 quinquo
475 1271 641 1319 turmarum
654 1259 780 1338 singolis

208 1361 319 1420 Horum
342 1361 494 1420 coronelcs
513 1360 638 1419 suerunt
653 1359 790 1419 dominus

207 1462 244 1522 da
270 1461 423 1532 beauvais,
447 1460 588 1521 dominus
613 1461 649 1520 dc
673 1463 737 1519 Bria
763 1472 791 1520 ct
833 1485 835 1490 ·

148 1581 183 1628 aa
208 1562 348 1623 dominus
361 1560 398 1622 de
413 1562 528 1636 Lucilla,
538 1561 648 1639 quibus
662 1563 790 1623 solutum

209 1675 253 1724 est
276 1663 458 1742 stipendium
484 1663 612 1724 duorum
641 1665 788 1723 mensium

210 1763 246 1824 ad
269 1765 401 1825 rationes
427 1765 548 1824 militiae
574 1765 603 1823 in
633 1765 791 1842 praedictis

212 1864 366 1945 praesidiis
380 1875 499 1925 exactae
516 1866 630 1925 incluso
645 1865 795 1944 stipendio

211 1967 359 2027 dictorum
375 1966 558 2026 eoronelium
572 1968 794 2045 capitaneorum

159 2091 188 2136 ts
213 2080 242 2130 et
260 2069 387 2129 aliorum
408 2068 577 2128 officialium
593 2068 663 2127 item
677 2078 797 2128 centom

214 2168 336 2231 florenis
352 2170 456 2246 viginti
477 2169 671 2238 stoici-orum,
689 2168 798 2246 quibus

213 2272 273 2331 dux
289 2269 421 2330 Albanus
441 2268 532 2347 jussit
553 2287 662 2348 attgcre
684 2270 798 2345 stipen-

213 2370 296 2432 dium
323 2382 511 2431 mcustruum
538 2371 661 2449 singulis
692 2373 798 2431 turmis

198 2473 348 2533 *ducentis
392 2472 536 2533 militibus
577 2473 799 2546 constantibus⁹

158 2593 187 2641 uo
212 2575 354 2652 quamdiu
376 2575 406 2634 in
429 2575 533 2633 castris
553 2586 663 2645 essent,
678 2575 798 2633 inclusis

212 2679 301 2739 etiam
317 2678 488 2756 quingentis
509 2675 704 2755 quadraginta
728 2695 799 2752 qua-

214 2790 283 2839 tuor
296 2779 445 2839 coronutis
461 2779 580 2857 triginta
596 2789 725 2854 quatuor
737 2790 799 2834 stu-

215 2880 285 2940 ieris
299 2879 397 2940 eidem
413 2880 450 2939 de
467 2879 609 2938 beauvais
624 2878 659 2936 ad
674 2879 801 2936 rationes

213 2982 258 3041 sui
270 2979 411 3059 stipendii
425 2981 530 3040 solutis
543 2989 660 3058 practer
673 2979 804 3056 praculis-

159 3102 189 3149 sa
214 3093 277 3143 tum
293 3082 477 3166 stipendium
501 3081 629 3140 duorum
652 3080 799 3139 mensium

215 3183 336 3245 inclusis
380 3195 532 3263 praeterea
575 3181 799 3261 quatuordecim

216 3286 296 3346 mille
311 3297 432 3345 centurn
455 3285 571 3344 duobus
591 3283 738 3343 coronatis
761 3284 805 3341 vi-

215 3387 289 3467 ginti
304 3388 422 3448 duabus
437 3386 559 3446 stuicris
580 3384 699 3445 tributis
720 3403 802 3462 prae

216 3489 302 3549 dictis
317 3486 413 3547 tribus
431 3484 620 3546 coronalibus
642 3483 677 3544 od
703 3484 800 3543 subsi-

160 3614 191 3662 30
216 3587 300 3649 dium
328 3605 452 3647 suorum
480 3584 724 3666 regimentorum.
749 3587 804 3645 tte-

216 3700 319 3769 ceptae
333 3687 371 3747 ab
392 3688 434 3748 eis
456 3687 599 3764 pecuniae
622 3705 738 3746 summa
758 3697 803 3747 ast

219 3789 339 3869 triginta
354 3808 405 3849 sex
426 3789 506 3849 millc
522 3800 550 3849 ct
567 3788 578 3867 l
595 3800 654 3847 tres
668 3789 800 3846 coronati

218 3892 362 3953 tredecim
373 3890 494 3960 stuicri;
508 3900 627 3968 practer
639 3890 713 3948 lianc
724 3908 804 3948 sum·

219 4012 298 4054 mam
315 3992 484 4071 praedictus
502 3992 617 4052 solutor
633 3990 802 4050 uurrrcrovit
