3056 4856
774 445 877 544 (⁸)

310 647 396 718 citus,
411 659 439 705 et
454 663 522 705 eunt
539 645 622 705 nobis
638 653 792 723 perspecta
808 653 884 704 esset
904 643 1105 724 promptitudo
1120 642 1297 703 sullicientia
1312 654 1342 703 et

313 747 385 807 lidos
402 758 462 819 tuo,
482 747 637 807 Francisce
660 745 784 821 bixaldi,
804 755 867 805 tum
888 746 988 816 otiam,
1002 764 1091 822 quam
1108 744 1191 804 valde
1205 751 1235 804 et
1250 743 1342 822 probe

313 848 401 908 nobis
417 847 562 907 hactenus
580 847 609 906 in
637 846 692 920 liis,
711 866 788 924 quae
803 845 959 907 commissa
984 845 1037 905 tibi
1054 846 1146 916 luere,
1162 845 1341 913 inservieris,

313 966 411 1007 meum
429 948 569 1028 placitum
591 956 621 1007 et
636 947 773 1008 voluntas
794 960 838 1008 est
855 957 883 1007 te
899 947 1054 1007 nominare
1073 958 1102 1005 et
1117 946 1237 1025 eligere,
1253 955 1342 1024 prout

314 1048 369 1107 hoc
385 1048 532 1126 praesenti
550 1059 577 1107 te
589 1047 724 1127 eligimus
740 1056 771 1107 et
782 1048 971 1108 nominamus
983 1046 1019 1105 ad
1033 1047 1216 1125 praedictum
1233 1066 1341 1107 munus
1383 1050 1400 1097 ὅ

313 1150 405 1208 nostri
421 1149 559 1209 solutoris
574 1168 626 1209 seu
642 1149 808 1226 quaestoris
822 1147 892 1209 dicti
904 1149 1069 1218 exercitus3
1085 1159 1114 1206 et
1126 1158 1226 1207 nostra
1239 1149 1343 1207 voluu-

313 1261 356 1307 tas
372 1261 425 1320 est,
442 1258 483 1321 ut,
498 1248 631 1327 quandiu
647 1248 696 1308 ille
710 1252 859 1308 exereitus
874 1248 994 1308 durabit
1009 1259 1039 1308 et
1053 1260 1171 1307 nostrae
1184 1248 1344 1310 voluntatis

313 1350 461 1424 lurrlt‚sls
473 1362 575 1409 noster
585 1350 664 1408 illius
676 1349 846 1428 persolutor
857 1348 1042 1427 praedictum
1052 1368 1162 1408 monus
1170 1349 1344 1419 exercendo,

313 1450 564 1525 quemadmodum
582 1449 645 1508 lieri
658 1462 702 1508 est
715 1449 815 1511 moris.
829 1451 863 1508 Et
876 1449 928 1508 tibi
942 1448 1150 1527 praecipimus,
1163 1459 1195 1508 ut
1207 1468 1242 1508 ex
1256 1468 1344 1526 peen-

314 1553 372 1623 nla‚
387 1562 476 1627 quam
493 1552 641 1629 acceperis
656 1562 686 1610 et
710 1550 762 1610 libi
785 1568 821 1610 ex
844 1550 924 1610 iussu
941 1558 1044 1609 nostro
1066 1550 1158 1608 luerit
1178 1549 1345 1621 commissa,
1369 1554 1403 1600 lo

313 1652 423 1711 abhinc
437 1652 467 1711 in
485 1663 638 1729 posterum
655 1652 817 1731 persolvas,
834 1651 975 1728 quiequid
1000 1649 1168 1730 praedictus
1182 1651 1241 1710 dux
1256 1650 1345 1710 Alba-

315 1772 373 1813 nus
399 1741 458 1813 dux
487 1761 588 1814 noster
614 1752 774 1832 primarius
798 1752 925 1831 persolvi
946 1752 1137 1829 imperaverit
1159 1765 1220 1812 tunr
1242 1752 1273 1811 in
1293 1754 1347 1811 sli-

317 1853 459 1932 pendium
480 1864 538 1913 tam
559 1852 693 1931 peditum
714 1871 803 1930 qoam
830 1851 967 1929 equitum
990 1859 1052 1911 tum
1077 1852 1165 1911 etlam
1189 1854 1217 1911 in
1243 1870 1347 1912 omncs

315 1957 388 2016 alios
402 1973 607 2032 quoscumque
623 1960 760 2032 sumptos
774 1952 942 2013 ordinarios
957 1961 1009 2012 aut
1024 1952 1284 2026 extraordinarios,
1296 1954 1346 2030 qui

317 2058 346 2116 in
364 2056 532 2134 predictum
548 2055 710 2115 exercitum
727 2051 907 2132 suscipiendi
923 2061 1022 2124 erunt,
1039 2071 1093 2130 per
1106 2054 1303 2133 chirographa
1318 2064 1348 2113 et
1371 2062 1405 2109 ιιι

312 2157 458 2234 jussorias
468 2153 624 2215 solutionis
639 2154 739 2214 literas
754 2173 844 2213 manu
858 2154 936 2213 illius
952 2153 1119 2231 obsignatas
1130 2154 1347 2216 interveniente

316 2257 404 2317 etiam
428 2264 529 2316 nostro
556 2256 705 2335 praedicto
728 2256 899 2333 inspectore
920 2254 1071 2332 primario,
1093 2268 1215 2332 quaeat
1238 2257 1347 2316 relatae

317 2356 377 2418 sint'
398 2358 428 2416 in
451 2356 561 2417 nostris
582 2356 666 2416 libris
688 2356 881 2425 rationalibus
902 2376 954 2432 per
976 2358 1139 2435 praedictos
1161 2357 1345 2436 Alphonsorn

318 2459 453 2519 Cantium
480 2467 508 2518 et
524 2458 773 2536 Chrislophorum
795 2458 831 2517 de
853 2457 1023 2518 Castellanls
1042 2471 1159 2518 nostros
1175 2469 1347 2536 quaestores

318 2563 348 2620 in
366 2554 515 2641 praedicto
530 2562 660 2622 exercitu
678 2561 946 2640 praecipimusque,
965 2568 1007 2631 ut,
1022 2561 1167 2639 quidquid
1182 2581 1217 2622 ox
1232 2563 1348 2622 ordina·
1371 2577 1403 2624 st)

320 2664 397 2724 tione
414 2662 556 2741 praedicti
571 2661 653 2722 ducis
668 2663 785 2740 Albani,
808 2663 846 2721 ita
868 2673 899 2722 ut
914 2662 1026 2722 dictum
1041 2675 1095 2737 est,
1109 2682 1273 2740 expensum
1289 2684 1304 2723 a
1321 2677 1349 2724 te

320 2763 420 2837 luerit,
435 2765 546 2822 virtute
558 2782 681 2821 suorum
698 2763 964 2842 chirographorum
981 2773 1011 2822 et
1026 2763 1177 2823 literarum
1194 2766 1350 2824 solntionls

316 2863 513 2942 jussoriarum
532 2863 644 2939 absque
661 2863 716 2922 alia
740 2881 919 2940 quacunque
939 2864 1052 2922 ratione
1078 2864 1239 2944 recipiatur
1261 2877 1351 2944 atquc

321 2965 471 3026 reseratur
499 2963 536 3024 ad
558 2964 688 3025 rationes
712 2965 854 3042 pecuniae
876 2966 917 3023 tui
941 2966 1084 3035 muneris,
1109 2966 1352 3045 injungimusquc

324 3066 473 3145 praedicto
495 3066 562 3125 duel
578 3064 691 3124 albano
710 3076 799 3141 atque
822 3066 1005 3142 imperamus
1027 3065 1256 3146 quibuscunque
1270 3067 1350 3127 colo·
1377 3082 1407 3129 ab

323 3168 409 3226 nellis
431 3178 594 3227 castrorum
629 3166 776 3242 magistris
810 3164 936 3225 ducibus
974 3174 1003 3225 et
1030 3167 1095 3226 allis
1120 3164 1351 3245 quibuscunque

323 3267 497 3328 ollicialibus
520 3266 661 3343 praedicti
684 3264 777 3326 nostri
800 3269 957 3337 exercit-us,
982 3277 1014 3325 ot
1037 3278 1066 3327 te
1086 3268 1244 3329 admittant
1263 3278 1352 3346 atque

325 3369 453 3429 habeant
468 3387 522 3447 pro
538 3378 639 3427 nostro
655 3368 733 3426 illius
752 3368 938 3444 persolutore
955 3367 1069 3444 tibique
1090 3369 1250 3430 exhibeant
1264 3379 1354 3447 atque

325 3481 445 3530 servent
476 3488 596 3530 omnem
623 3468 768 3530 honorem
790 3470 1024 3547 praerogativam
1041 3472 1302 3549 praeeminentiam
1324 3486 1354 3533 et

325 3572 553 3645 immunitatem,
571 3590 665 3659 quam
680 3571 832 3630 observari
848 3579 892 3630 est
907 3572 1000 3631 moris
1023 3591 1092 3650 erga
1109 3583 1225 3634 nostros
1240 3575 1353 3634 exerci·
1379 3592 1409 3638 :to

326 3684 373 3733 tus
389 3682 559 3750 quaestores
573 3684 624 3731 aut
638 3673 794 3744 solutores,
810 3671 885 3731 bene
901 3682 930 3731 et
945 3692 980 3732 cx
995 3674 1121 3752 integro,
1137 3693 1234 3753 neque
1249 3675 1354 3737 adver·

325 3794 375 3835 sus
390 3778 422 3833 ea
434 3775 616 3834 contendant
631 3792 728 3849 neque
741 3768 998 3852 transgrediantur
1013 3775 1068 3853 ipsi
1087 3795 1185 3853 neque
1203 3796 1219 3836 a
1235 3778 1355 3855 qu'o'qirc

326 3875 464 3935 contendi
485 3883 537 3933 aut
558 3873 723 3953 transgredi
741 3873 892 3951 patiantur
911 3875 970 3934 ullo
990 3876 1087 3935 modo.
1104 3878 1268 3938 statuimus
1284 3898 1355 3939 vero

325 3977 356 4036 in
373 3987 458 4035 tuum
479 3974 660 4051 stipendium
677 3993 730 4053 pro
750 3974 899 4049 praedicto
916 3993 1041 4034 munere
1063 3977 1186 4056 singulis
1203 3968 1356 4038 mensibus
