3056 4856
657 444 785 542 (85)

200 633 242 690 nei
267 632 305 691 ad
329 633 419 694 finem
445 636 512 697 iibri
534 639 624 718 hujus
645 644 782 702 aestima-

199 734 287 794 tionis
301 737 351 813 (1),
823 749 942 807 tantun
961 767 1021 809 cnr.
1036 754 1075 810 57
1095 763 1130 811 st.
1147 754 1165 810 0
1180 753 1228 813 ob.

360 973 450 1037 Alina
469 997 619 1054 expensae.

238 1147 294 1205 Pro
310 1144 557 1228 rebus'eoetuptis
568 1151 652 1228 jussu
674 1153 781 1229 Regiae

157 1250 171 1291 a
196 1247 780 1330 Maiestatisetatiisexpensisadregium

195 1349 260 1425 ejus
272 1352 427 1410 servitium
443 1361 557 1429 septem
574 1355 654 1414 mitte
668 1357 782 1429 septin-

194 1452 273 1527 genti
294 1451 414 1531 triginta
440 1472 491 1512 sex
516 1456 648 1514 coronati
675 1476 782 1516 novem

194 1552 301 1612 stuteri
315 1573 365 1612 sex
381 1555 460 1614 obuii
476 1555 632 1616 videlicet:

236 1655 403 1731 Peoturqua
415 1675 450 1715 ex
463 1657 660 1718 utnunibuset
671 1677 782 1738 marga-

141 1766 170 1813 to
195 1756 259 1814 aitis
274 1756 408 1818 consecto
424 1759 545 1818 numine
560 1761 667 1838 Regiae
679 1761 781 1820 Maies-

132 1853 137 1862 ’
195 1859 262 1916 tatis
297 1858 326 1916 in
363 1858 476 1918 donum
514 1861 603 1920 missu
644 1859 781 1921 dominae

194 1959 311 2018 Reneae
323 1962 412 2019 nurui
425 1962 662 2022 DucisBavaniae
674 1963 704 2022 in
717 1964 782 2039 ejus

194 2061 305 2136 nuptiis
329 2069 390 2120 taes
417 2061 496 2120 inille
522 2064 710 2142 septuaginta
729 2083 781 2123 sex

192 2164 323 2220 coronati
340 2162 458 2239 triginta
474 2182 526 2222 sex
540 2164 656 2223 statari.
822 2167 901 2225 3076
917 2185 977 2226 aar.
993 2169 1032 2229 56
1047 2182 1081 2227 st.

138 2269 167 2316 tt
234 2265 290 2322 Pro
312 2265 423 2322 annulo
445 2283 511 2323 cuin
539 2284 597 2324 uuo
623 2267 779 2327 adamanta

192 2365 312 2423 nomine
344 2365 488 2441 Principis
526 2367 621 2425 Canuti
663 2368 775 2427 domini

191 2468 294 2540 nostri,
326 2485 415 2544 quein
444 2469 524 2527 Deus
553 2469 711 2547 glorificat,
739 2472 775 2528 ad

189 2566 313 2627 eandem
329 2566 479 2627 dominam
501 2568 532 2626 in
554 2568 667 2628 donum
684 2571 774 2629 misso

189 2669 269 2726 inille
283 2667 403 2727 ducenti
424 2668 541 2746 triginta
564 2670 697 2728 coronati
719 2670 773 2728 tri-

134 2775 163 2823 20
188 2771 268 2846 ginta
282 2766 398 2828 stuferi.
823 2771 898 2828 tatu
912 2789 972 2830 con.
991 2773 1030 2829 50
1044 2780 1080 2830 st.

228 2871 284 2929 Pro
298 2869 509 2947 conquirendis
529 2889 583 2949 peu
604 2869 658 2928 hus
677 2878 772 2929 status

188 2970 339 3030 nonnuliis
363 2970 533 3030 cantoribus
560 2980 589 3030 et
613 2972 775 3051 organistis

185 3070 222 3128 ad
236 3072 378 3148 capellam
399 3072 507 3150 Regiae
528 3070 687 3132 Maiestatis
711 3084 774 3131 tae·

186 3173 265 3231 canti
281 3170 425 3232 coronati.
815 3173 874 3234 500
888 3191 948 3233 aaa.

131 3278 161 3328 aa
227 3274 372 3334 Guilelma
416 3274 616 3352 Wniquerslat
659 3275 773 3334 tonsori

185 3374 292 3454 Regiae
325 3377 481 3435 Maiestatis
509 3375 547 3436 ad
577 3377 775 3436 animandum

185 3478 330 3555 quaedam
345 3477 382 3537 ad
393 3479 500 3557 Regiae
511 3478 670 3538 Maiestatis
683 3478 775 3537 seuvi-

185 3679 266 3738 miile
281 3681 424 3738 coronati.
820 3680 901 3737 tunu
913 3697 972 3737 con.

128 3954 160 4004 30
221 3944 263 4010 (n
283 3943 320 3995 Le
341 3943 488 3996 manuscrit
508 3959 542 3995 na
562 3945 681 3997 contient
712 3960 759 4013 pas
799 3944 822 3995 ta
858 3946 928 3996 ratio
962 3947 1082 4012 specialia
1112 3945 1220 3999 cimen-

185 4038 302 4093 tionnee.
