3046 4836
755 465 907 566 (aaa)

309 669 431 746 enpanti
441 668 517 725 onai
523 664 612 726 LXX
617 665 660 724 VI
663 672 706 725 est
714 688 725 724 .·
734 664 897 746 quinpenti

308 769 481 846 octaoqiato
508 778 570 826 octo
596 764 678 827 mille
703 765 894 846 septoopinto

309 883 412 926 novem
425 865 568 926 coronati.
637 895 640 903 ·
937 866 1148 929 588079eor.
1163 870 1214 947 (i).

351 969 474 1046 Accepta
487 983 555 1025 vero
563 969 693 1045 pecunia
701 966 801 1043 fuerat
809 966 898 1047 quin·

308 1065 903 1149 pontiquodrapintosesmillesexoeoti

309 1169 405 1228 necem
419 1178 445 1229 et
458 1178 522 1230 octo
535 1169 678 1232 coronati.
804 1235 807 1241 ,
949 1171 1037 1232 5466
1041 1172 1080 1231 48
1095 1189 1155 1231 aar.

354 1273 437 1332 Debet
450 1273 546 1351 ipitar
561 1273 654 1352 Repia
666 1272 812 1334 Maiestas
823 1269 900 1332 solu-

312 1376 372 1432 tori
405 1392 442 1434 ex
474 1373 520 1434 itis
544 1378 704 1452 postremis
731 1372 898 1434 rationibus

312 1473 519 1556 quodropiato
546 1495 639 1536 unatm
664 1474 745 1535 mille
769 1476 898 1558 quadri-

312 1586 414 1654 pentos
427 1576 586 1656 aesopiam
601 1596 696 1637 unum
711 1585 878 1637 coronatos.
938 1578 1048 1640 44464
1063 1595 1123 1638 eor.

355 1676 460 1735 Debita
475 1677 583 1756 Regiae
598 1677 755 1737 Maiestatis
776 1676 900 1737 solutori

316 1779 469 1838 Franciseo
495 1781 635 1856 Lixaldio,
656 1800 732 1856 quae
752 1792 899 1859 apparent

316 1898 352 1938 ex
368 1880 534 1940 rationibus
548 1891 578 1941 et
591 1880 847 1941 aestimationibus
864 1880 902 1939 ab

316 1999 350 2039 eo
369 1982 496 2058 acceptis
511 1999 565 2058 per
579 1983 724 2041 ioannem
745 1982 907 2041 lssuntium

317 2088 543 2156 etquaestorem
554 2081 761 2142 Navaroetiom
773 2101 809 2141 ex
821 2082 900 2140 omli·

318 2199 357 2239 ne
374 2179 462 2241 Ducis
476 2182 582 2242 Albani
601 2192 629 2243 et
649 2183 905 2243 Commendatosis

317 2281 462 2341 Castiliiae
488 2301 580 2359 usque
604 2282 641 2342 ad
666 2303 685 2343 v
711 2284 808 2342 mantii
832 2283 903 2341 anni

320 2383 442 2458 LXXVI,
466 2402 526 2462 qno
551 2384 635 2463 obiit,
651 2392 682 2443 et
706 2383 814 2443 deinde
839 2384 903 2460 ejns

320 2486 478 2564 pecuniae,
499 2505 594 2564 quam,
612 2496 713 2563 postea
735 2488 848 2564 aceepit
869 2504 905 2544 ex

319 2586 907 2665 ordineRegiaeMaiestatisetdistribuit

320 2689 356 2749 ad
367 2691 450 2768 jussa
471 2702 500 2752 et
518 2691 619 2750 literas
638 2691 795 2750 solutorias
809 2686 906 2747 domi·

321 2808 431 2850 nonum
459 2792 695 2862 consiliariorum
723 2791 788 2870 ejus
813 2799 908 2848 statos

323 2911 417 2970 osque
428 2890 466 2950 ad
477 2892 568 2952 finem
580 2892 690 2952 mensis
701 2891 818 2969 augusti
831 2889 909 2967 ejus-

323 2992 392 3052 dem
403 2991 474 3051 anni
486 2993 574 3051 salvis
584 3010 702 3071 semper
713 2990 818 3068 salonii
829 3008 912 3049 emo·

325 3094 408 3153 ribus
442 3092 505 3152 sive
539 3090 682 3152 adversus
710 3112 774 3153 rem
804 3092 911 3169 Regiae

325 3179 483 3255 Maiestatis
507 3193 570 3252 sive
598 3191 730 3270 ejusdem
760 3192 912 3262 solutoris,

325 3297 377 3376 qni
385 3295 470 3373 juxta
481 3312 595 3353 monem
608 3293 749 3352 usitatum
763 3291 912 3351 rationum

327 3400 427 3458 valere
442 3414 597 3476 nunquam
613 3393 731 3453 debent.

330 3586 1358 3619 ...-.....----—————-——-——---

368 3745 408 3814 (i)
430 3745 481 3796 Par
495 3741 635 3796 l’addition
648 3740 695 3792 des
709 3746 799 3809 postes
813 3736 971 3804 marginaux
985 3733 1019 3786 de
1032 3740 1100 3786 cette
1114 3730 1252 3801 pontiado
1267 3744 1364 3782 manu·

327 3844 401 3904 serit,
413 3857 447 3894 on
459 3839 563 3892 obtient
575 3839 600 3889 la
615 3851 716 3890 somme
728 3835 761 3886 de
776 3832 897 3892 583,058
910 3847 997 3882 coroa.
1012 3826 1044 3877 49
1055 3828 1122 3893 stas.
1136 3827 1206 3879 C'est
1215 3822 1301 3885 5,020
1310 3840 1365 3876 aar.
1388 3824 1420 3877 80

328 3936 364 3989 20
383 3936 449 4004 stus.
461 3936 495 3988 de
515 3935 602 3987 moins
619 3948 672 4002 que
686 3934 711 3984 ie
724 3930 789 3983 total
804 3945 856 3998 que
869 3944 937 3980 nous
958 3933 1088 3978 toouvons
1102 3940 1136 3978 ou
1158 3924 1279 3991 registra.
1295 3921 1363 3974 Sans

328 4035 411 4087 doute
423 4031 549 4101 ieeopiste
563 4046 579 4082 a
591 4030 624 4081 de
636 4042 761 4080 nouvean
774 4025 827 4076 mal
842 4020 920 4091 copie
932 4059 939 4073 .
