3056 4856
768 393 871 491 (6)

302 589 453 668 praedicto
473 591 721 650 Commendatore
740 590 850 650 lllaioce
864 591 1045 651 solutionem
1067 591 1131 650 fieri
1157 603 1217 650 tam
1242 591 1331 650 sortis

301 710 389 769 quam
413 710 584 763 usurarum,
610 703 638 751 et
661 692 717 751 hoo
737 692 837 770 ipsum
863 703 963 768 postea
986 692 1105 771 petierit
1126 691 1330 751 aoonsiliariis

301 802 395 851 status
416 794 541 852 Vestrae
562 791 730 870 lllajestatis,
752 794 802 868 qui
826 792 909 850 illum
932 790 968 851 ad
990 793 1128 851 Vestram
1151 792 1330 869 Mojestatem

303 892 467 962 remittunt,
481 908 584 966 quare,
599 890 623 948 si
645 889 864 965 praedictarum
880 892 1031 948 rationum
1053 888 1333 961 linitiodiffcratur,

304 991 469 1068 praedictae
488 1009 596 1049 usurae
617 990 838 1069 praecedentes,
859 1002 978 1066 etquae
993 991 1023 1049 in
1044 1003 1196 1067 posterum
1215 1009 1333 1049 exores·
1373 1005 1390 1051 5

285 1133 288 1140 -
303 1100 370 1150 cent
381 1102 411 1151 et
421 1092 594 1170 apparuerit
606 1092 681 1150 iuste
693 1089 807 1164 deberi,
823 1092 945 1150 Vestrae
956 1090 1115 1167 lllajcstatis
1125 1090 1210 1169 jussu
1223 1090 1334 1150 debent

304 1193 398 1250 exolvi
414 1193 508 1270 (salvo
527 1193 628 1251 calculi
649 1211 762 1264 errore,
782 1192 832 1268 qui
854 1191 985 1251 incidere
1004 1193 1092 1252 otiam
1107 1202 1209 1270 posset
1222 1192 1334 1270 quiquo

306 1290 386 1352 nullo
409 1305 540 1369 ternpore
561 1295 658 1352 valere
684 1292 772 1353 debet
798 1312 894 1370 neque
920 1312 974 1370 pro
999 1293 1063 1371 ipso
1084 1294 1215 1354 Lixaldio
1237 1312 1334 1370 neque

304 1402 406 1451 contra
422 1414 485 1453 rem
506 1395 614 1473 Regiae
631 1396 753 1453 Vestrae
776 1393 956 1472 Majcstatis),
978 1396 1029 1472 qui
1052 1396 1198 1455 liixaldius
1221 1396 1277 1455 nisi
1303 1396 1332 1453 in

306 1502 440 1571 tempore
462 1494 635 1553 satisfecerit
657 1495 703 1567 iis,
724 1494 833 1570 quibus
855 1495 890 1553 ad
914 1494 1091 1554 solvendum
1113 1505 1157 1555 cst
1178 1494 1336 1574 obligatus,
1364 1504 1390 1551 to

306 1593 384 1654 haud
401 1595 490 1655 dubie
506 1605 595 1654 erunt
610 1594 650 1652 illi
668 1594 803 1665 modesti,
822 1596 1072 1671 quemadmodum
1089 1596 1232 1656 hactenus
1247 1615 1336 1675 saepe

307 1698 437 1767 luerunt,
452 1704 482 1755 et
496 1695 564 1772 quia
587 1696 705 1770 saepius
719 1705 851 1774 aegrotat
874 1706 902 1755 et
918 1708 1018 1772 posset
1038 1699 1113 1756 mori
1136 1698 1198 1756 suis
1213 1697 1336 1756 cationi-

308 1799 362 1858 bus
381 1797 514 1857 nondum
537 1796 639 1866 linitis,
660 1808 784 1873 possunt
808 1798 896 1855 ctiam
917 1797 960 1856 illi
985 1798 1121 1856 excidere
1146 1817 1214 1856 casu
1237 1798 1336 1874 aliquo

308 1898 430 1957 fortuito
454 1896 557 1956 literae
581 1896 751 1973 originales,
777 1915 850 1971 quas
880 1896 968 1955 habet
993 1896 1029 1956 ad
1054 1897 1172 1957 casdem
1197 1898 1336 1970 rationes,

308 1999 489 2058 necessariae
504 1998 594 2057 rebus
611 1998 783 2074 praesertim
801 1998 908 2079 horum
928 1998 1113 2061 statuumita
1131 1999 1336 2078 perturbatis:
1364 2010 1394 2056 ta

309 2102 354 2159 liis
369 2101 405 2160 dc
420 2101 513 2158 causis
528 2098 660 2174 imprimi
683 2099 796 2156 curavit
814 2098 977 2175 praedictas
994 2099 1123 2158 rationes
1145 2110 1176 2158 et
1195 2101 1337 2178 perfunc-

309 2202 397 2260 torias
413 2218 516 2259 earum
533 2198 742 2274 inspectiones,
756 2207 789 2256 ut
800 2199 881 2256 omui
895 2207 1030 2275 tempore
1041 2201 1135 2277 possit
1145 2218 1209 2260 esse
1220 2213 1337 2272 notum,

308 2303 337 2360 iu
353 2320 412 2377 quo
433 2310 511 2359 statu
527 2300 598 2373 sint,
623 2317 751 2375 nequeo
774 2299 835 2357 auis
851 2297 1030 2359 haeredibus
1052 2313 1103 2359 aut
1119 2300 1338 2360 successoribus

308 2401 378 2463 alias
400 2400 530 2460 rationes
551 2400 708 2476 quisquam
732 2400 824 2478 possit
846 2409 956 2477 petere,
979 2418 1076 2476 neque
1098 2401 1153 2459 alia
1176 2400 1338 2480 scriptaad

309 2523 357 2563 eas
379 2502 568 2579 pertinentia,
594 2502 617 2559 si
642 2500 738 2577 aliqua
770 2500 847 2558 sorte
874 2499 994 2558 fortuna
1017 2501 1238 2573 amitterentur,
1263 2520 1339 2578 quac
1365 2515 1396 2561 ao

309 2606 372 2681 ipse
400 2602 514 2681 redegit
542 2602 572 2659 in
601 2601 762 2678 registrum
789 2609 818 2658 et
846 2601 1021 2659 auctoritate
1050 2600 1195 2661 auditoris
1226 2603 1338 2679 Parcgu

310 2718 458 2764 asservata
477 2705 507 2761 in
531 2701 646 2761 duabus
668 2702 747 2760 cistis
762 2699 901 2778 deposuit
914 2700 945 2758 in
965 2700 1086 2759 archivo
1108 2701 1190 2761 urhis
1206 2704 1342 2761 Antwcr-

312 2809 425 2886 planae,
442 2814 475 2864 ut
489 2803 530 2862 ihi
552 2804 647 2862 tutius
665 2802 873 2875 adserventur,
895 2819 993 2878 neque
1015 2803 1075 2861 ullo
1098 2814 1233 2881 tempore
1254 2805 1339 2879 culpa

312 2909 370 2967 ulla
397 2906 490 2984 possit
509 2904 566 2982 ipsi
591 2903 743 2979 imputari,
771 2903 891 2978 quando
917 2922 972 2980 pro
1001 2923 1054 2963 sua
1083 2916 1166 2980 parte
1195 2904 1341 2964 adhibue-

311 3012 351 3069 rit
378 3025 498 3067 omnem
529 3004 711 3084 diligentiam
743 3003 950 3063 necessariam.
975 3004 1077 3081 ltaque
1106 3017 1172 3064 orat
1205 3007 1340 3065 Vestram
1367 3014 1399 3062 aa

312 3112 493 3189 lllajestalem
511 3106 673 3176 humiliter,
684 3104 789 3181 jubeat
804 3104 859 3163 sibi
877 3103 1014 3163 satisfieri
1030 3106 1066 3164 dc
1083 3107 1241 3185 praedictis
1256 3107 1341 3167 dehi-

312 3213 358 3283 tis,
371 3219 404 3270 ut
417 3211 480 3287 ipse
495 3225 615 3284 quoque
632 3207 723 3280 possit
735 3204 798 3264 suis
812 3203 1010 3264 creditoribus
1026 3206 1195 3267 satisfacere
1210 3220 1240 3268 et
1254 3226 1343 3286 prae·

312 3314 407 3371 dictae
421 3328 529 3369 usurae
543 3316 659 3367 cessent
675 3324 887 3384 progressurae
901 3305 1012 3382 alioqui
1027 3307 1064 3366 ad
1076 3308 1206 3369 rationes
1219 3310 1342 3368 Vestrae

313 3411 481 3489 lllajcstatis,
496 3425 652 3485 quousque
673 3405 859 3465 debitoribus
880 3425 914 3465 ex
937 3408 1054 3487 integro
1077 3409 1114 3467 sit
1128 3411 1269 3482 solutum,
1284 3428 1342 3486 qun

312 3516 342 3572 in
357 3531 391 3572 re
404 3511 528 3589 accipiet
542 3529 558 3567 a
570 3511 676 3568 Vestra
692 3506 842 3584 llajcstate
857 3525 1007 3566 sutumum
1025 3507 1213 3569 beneficium.
