3056 4856
722 371 850 470 (88)

312 568 484 646 Reqistrum
499 587 550 628 seu
565 571 772 632 loomtorium
794 570 859 632 ebi-

270 666 492 746 roqropborum
537 670 745 747 wiomadum,
785 692 859 755 quae

270 767 443 849 praediatus
492 779 632 850 quaestor
679 774 858 835 Francisoos

275 868 436 932 Lixaidius
449 868 534 930 babet
548 874 588 930 ad
599 892 687 933 suam
701 873 857 955 justifico·

271 971 377 1031 tionem
401 970 547 1051 pecuniae
568 970 604 1031 ab
628 992 660 1034 eo
684 972 861 1036 distributae

272 1071 441 1154 subscripta
467 1072 622 1135 abeodem
647 1078 719 1135 duee
746 1079 858 1138 bibano

272 1193 339 1234 eum
390 1173 600 1255 obiroqropbis
651 1178 856 1256 recoquitoriis

273 1294 387 1350 eorum,
411 1273 522 1358 quibus
537 1295 572 1335 eo
583 1280 714 1356 pecunia
734 1287 775 1336 est
797 1276 860 1339 dis-

273 1374 396 1450 tributa‚
435 1377 561 1457 acceptis
596 1374 766 1438 rationibus
805 1398 860 1459 per

275 1485 444 1557 quaestores
458 1480 606 1537 exereitus
620 1478 727 1557 Reoiae
747 1478 860 1540 Maies-

272 1579 345 1640 tatis
361 1581 457 1658 juata
478 1578 611 1639 rationes
630 1588 657 1639 et
678 1582 861 1641 aestimatio-

274 1678 862 1762 uem‚quamexordiueu'osdemDucis

276 1779 391 1842 Attum·
430 1780 467 1842 ab
506 1802 538 1843 eo
580 1789 692 1863 accepit
723 1785 864 1864 provisor

275 1886 407 1945 ioannes
424 1885 577 1956 Issuutius
597 1902 692 1965 usque
713 1888 752 1944 od
771 1884 862 1966 finem

274 1987 352 2046 areni
364 1986 480 2057 LXXI,
492 1985 548 2067 qui
561 1988 711 2046 Iseuntius
722 2005 772 2047 eos
784 1984 864 2066 diffi-

277 2090 356 2149 m'uit
398 2096 425 2146 et
466 2085 631 2168 ¹verificavit
673 2088 864 2168 oonsiqnatus

274 2185 483 2260 sambrico,
506 2187 539 2246 io
561 2184 669 2268 quibus
690 2186 863 2267 praedictus

275 2290 388 2350 sotutor
430 2286 504 2368 facit
540 2285 701 2348 debitorem
740 2291 862 2367 Reqiam

275 2390 465 2450 Maiestatem
501 2389 706 2470 quadraqiota
735 2389 866 2472 quiaque

276 2488 412 2551 miiiium
433 2490 560 2571 triqima
577 2488 708 2550 duorum
723 2491 763 2568 (i)
780 2509 862 2551 coro-

276 2601 430 2670 natorum,
458 2589 706 2672 quemadmodum
729 2590 864 2673 proedic-

277 2703 325 2754 tos
335 2696 489 2754 issuutius
501 2690 637 2753 eabibuit
647 2690 862 2755 deciaratumet

275 2795 478 2874 subscriptum
489 2814 545 2854 sua
555 2814 657 2867 mauu,
664 2806 689 2854 et
702 2795 781 2855 idem
795 2800 865 2856 Dux

277 2894 415 2959 Albanus
442 2895 613 2956 transmisit
643 2899 783 2971 (rationes
819 2899 862 2958 ita

277 2999 472 3076 subscriptas)
483 2996 522 3055 od
534 2996 659 3076 Roaiam
675 2997 862 3058 Maiestatem

279 3098 313 3157 io
330 3096 521 3178 Hispaniam.
539 3096 617 3156 Haec
632 3105 732 3157 autem
746 3078 862 3158 summa

279 3176 320 3258 eit
332 3206 453 3277 praeter
463 3193 543 3257 alias
555 3198 702 3278 quosdam
714 3217 859 3274 summas,

279 3318 356 3381 quas
369 3295 543 3379 praedictus
559 3298 712 3359 Issuotius
733 3295 783 3358 itii
803 3318 864 3358 nou

280 3400 408 3470 admisit,
438 3417 471 3459 ea
499 3400 579 3480 quod
602 3396 735 3459 noudum
767 3407 863 3458 esseut

279 3500 459 3583 verificatoe.
475 3498 635 3560 Praedicta
652 3509 752 3560 autem
767 3497 865 3560 abiro-

279 3600 399 3684 9rapba
412 3610 441 3663 et
453 3601 569 3678 scripta
583 3597 746 3681 oriqiuatia
760 3599 864 3661 distri·

318 3956 358 4028 (i)
382 3956 402 4009 ΙΙ
415 3955 472 4009 isat
486 3957 536 4008 lire
549 3956 659 4024 quiaque
669 3971 704 4008 eu
719 3956 771 4008 iieu
786 3956 820 4007 de
830 3956 952 4009 duorum.
