3056 4856
756 447 884 546 (5⁶)

290 640 341 718 qui
362 640 496 702 efficiunt
517 641 697 722 proeth'otum
719 663 878 722 summam,
954 652 957 658 “
1018 642 1023 653 ’

289 739 412 800 inclusis
427 738 529 802 decem
550 751 580 801 et
598 751 664 804 orto
685 748 833 807 coronatis
847 749 874 807 ri

290 844 454 903 numeratis
469 863 523 922 pro
541 845 689 924 stipendio
705 850 794 909 trium
810 849 875 910 offi-

290 942 418 1014 cialium,
438 945 489 1023 qui
511 947 681 1008 servierunt
703 939 873 1026 perunum

287 1054 422 1104 mensem
430 1044 460 1112 in
472 1046 654 1124 equitatuin
663 1069 723 1128 quo
734 1052 796 1128 ipse
807 1062 871 1113 erut

287 1145 454 1205 auditor.M

327 1245 434 1306 ioanni
456 1237 495 1307 de'
514 1249 599 1308 Boieo
620 1251 774 1327 oopituneo
795 1272 871 1313 oum·

289 1365 383 1424 ponne
400 1357 431 1407 et
450 1349 619 1427 praeposito
637 1353 767 1429 generoii
793 1353 871 1432 ejus·

288 1445 356 1504 dem
385 1447 533 1507 exereitus
555 1468 610 1528 pro
631 1451 780 1530 stipendio
803 1474 873 1516 suoe

288 1562 433 1622 personae
470 1558 501 1609 et
535 1549 704 1612 officialium
740 1562 768 1613 et
799 1555 873 1615 duo·

288 1645 383 1707 decim
406 1649 552 1727 equitum,
572 1670 647 1729 quos
668 1653 720 1714 etit
740 1657 776 1715 od
802 1675 871 1717 exe·

287 1748 437 1808 ontionem
459 1750 606 1829 justiciae,
629 1773 645 1812 u
671 1774 680 1814 r
709 1756 777 1816 maii
801 1759 872 1818 unni

287 1849 401 1923 vau,
422 1869 481 1928 quo
503 1871 619 1915 merere
640 1855 760 1932 incepit,
776 1876 872 1935 usque

286 1950 324 2010 od
346 1949 437 2011 finem
459 1954 638 2032 septembris
659 1956 733 2017 Lxx
750 1971 871 2021 eentum

286 2051 501 2133 quinquaginta
511 2067 577 2115 oeto
588 2058 736 2118 coronatis
745 2059 776 2118 in
794 2080 874 2120 men-

286 2171 334 2213 reo
353 2153 486 2232 singulos
505 2158 607 2235 primis
629 2157 745 2220 duobus
764 2165 871 2223 mensi·

287 2253 343 2313 bus
365 2255 395 2313 in
417 2258 561 2317 coronatis
582 2268 702 2319 centum
724 2273 754 2323 et
769 2261 870 2322 decem

286 2354 448 2415 solidorum
463 2359 579 2437 reliquo
598 2368 732 2439 tempore
748 2363 869 2442 triginta

285 2459 873 2540 novemstuieroruminclusisque'driu·

172 2596 176 2602 ·
285 2555 381 2635 gentis
400 2561 593 2641 quodraginta
611 2562 707 2623 tribus
722 2565 870 2625 coronatis

287 2676 341 2734 pro
354 2660 504 2739 stipendio
525 2663 627 2723 decem
649 2676 679 2725 et
696 2675 763 2726 oeto
784 2667 867 2744 equi·

286 2769 348 2817 tum
377 2771 407 2820 et
435 2761 566 2823 duorum
592 2765 790 2844 oiguosiiium
817 2768 869 2846 qui

284 2871 404 2935 praeter
424 2862 592 2923 ordinarios
608 2866 700 2925 additi
723 2868 780 2927 iilis
795 2881 866 2929 sunt

282 2959 354 3038 ipsis
370 2962 527 3022 neeessorii
542 2965 577 3024 od
600 2967 804 3027 executionem
819 2970 869 3046 ju·

282 3060 380 3120 stitioe
399 3062 430 3122 in
452 3062 577 3124 diversis
599 3069 794 3145 temporibus,
814 3069 866 3128 de·

216 3182 218 3187 ·
282 3160 377 3222 ductis
391 3166 540 3243 octoginta
551 3170 700 3229 coronatis
712 3191 747 3230 ex
762 3172 866 3249 uliqui-

283 3261 338 3323 bus
358 3264 543 3338 officialibus,
563 3269 612 3347 qui
633 3271 749 3332 serviro
769 3272 864 3332 desie-

281 3376 362 3437 runt,
376 3384 427 3425 sex
443 3368 523 3427 mille
536 3371 745 3451 quadringenti
763 3374 865 3454 viginti

282 3484 389 3526 novem
414 3471 546 3530 coronati
572 3472 674 3533 decem
700 3474 805 3535 stuieri
834 3487 864 3536 et

281 3582 409 3644 quotuor
422 3571 510 3632 oboli.

911 1157 991 1217 5642
1005 1175 1066 1219 eor.
1082 1161 1115 1218 ot
1137 1173 1164 1219 st

905 3581 985 3640 6429
999 3599 1050 3638 ror
1076 3582 1114 3638 to
1129 3584 1196 3640 stt
1211 3580 1311 3659 obit)
1326 3566 1384 3637 1370=
1399 3571 1410 3609 '³

317 3909 358 3980 (t)
380 3910 400 3963 il
415 3913 501 3980 paruit
516 3931 569 3985 que
579 3924 648 3970 eette
661 3933 764 3972 somme
781 3935 814 3973 ue
825 3921 959 3975 s'rooorde
973 3936 1021 3992 pos
1038 3936 1092 3975 oux
1110 3920 1172 3974 faits
1191 3937 1311 3995 eommu-

280 4005 376 4076 niquis
388 4009 454 4062 dans
467 4011 493 4063 lo
507 4018 586 4067 texto.

1179 4045 1295 4088 <i
