3056 4856
793 450 797 459 v

629 495 759 594 (59)

183 689 264 768 ginta
282 699 412 768 quatuor
426 692 532 753 stuteni
547 712 597 753 sex
612 694 690 753 oboli
714 713 767 752 nn-

184 799 297 850 menata
312 791 353 850 itti
369 792 405 851 ab
419 794 522 854 eodem
538 794 679 856 solutore.
804 796 902 855 50806
918 813 977 854 eon.
996 794 1033 854 et
1047 805 1084 854 st.
1100 797 1117 854 6
1133 794 1179 853 ob.

184 1007 372 1086 Stipendium
395 1012 527 1092 equitnm
553 1014 768 1075 Germanorum

318 1109 409 1192 vulpe
426 1110 632 1173 Herreritelna.

145 1288 160 1333 5
228 1273 293 1332 Dux
315 1273 418 1331 Eniens
440 1274 674 1334 Baunsvieiensis
691 1274 767 1333 miti-

185 1373 256 1433 tavit
271 1391 338 1432 eum
363 1392 422 1433 uno
444 1374 610 1453 regimento
633 1375 767 1453 quinque

183 1486 391 1535 eononetanum
403 1476 602 1549 constantium
615 1477 765 1537 millesen-

183 1576 276 1636 eentis
291 1577 505 1656 qninquaginta
528 1591 640 1657 septem
664 1579 769 1656 equiti·

165 1682 167 1687 '
185 1676 242 1736 bns
256 1696 323 1736 num
347 1678 555 1739 additamentis
577 1679 717 1740 cunibus
739 1689 769 1739 et

132 1788 162 1834 to
186 1778 249 1837 eliis
270 1778 481 1856 inpedimentis
502 1779 660 1840 ordinariis
683 1799 698 1839 a
720 1799 769 1841 xiv

184 1877 261 1958 junii
276 1879 346 1937 anni
363 1880 479 1938 txvttt
495 1898 588 1957 nsque
602 1879 639 1940 ad
661 1900 700 1940 xn
722 1881 770 1940 de-

187 1978 316 2039 eemhnis
337 1980 530 2058 insequentis,
546 2000 605 2058 quo
621 1981 770 2041 amandati

187 2091 273 2152 sunt,
314 2080 424 2140 inclusa
471 2100 542 2159 ergo
579 2080 773 2161 arrhaboniea

162 2182 167 2189 '
189 2183 312 2260 pecunia
325 2193 354 2240 et
367 2181 771 2258 uniusmensisstipendiond

134 2290 163 2335 45
188 2282 316 2342 reditum
329 2282 461 2342 domum.
477 2284 598 2343 Summa
615 2285 704 2344 totins
722 2283 771 2342 sti·

189 2383 288 2461 pandii
310 2383 388 2443 illins
413 2384 469 2442 init
493 2395 614 2443 centum
641 2384 770 2462 qnadra-

188 2485 268 2564 ginta
285 2485 365 2545 mille
379 2485 498 2545 ducenti
515 2487 675 2566 nonaginta
691 2505 772 2547 conn-

190 2586 251 2646 nati
266 2586 370 2664 viginti
387 2605 465 2646 unus
480 2586 584 2646 stnieni
607 2597 674 2647 neto
688 2585 776 2654 oboli,

189 2684 227 2745 ed
249 2704 377 2764 quonum
399 2687 577 2746 solutionem
599 2685 712 2764 aceepit
736 2687 774 2745 ab

134 2803 164 2849 nn
190 2787 294 2847 eodem
323 2789 456 2848 solutore
489 2800 609 2848 cenatum
643 2788 774 2866 quinque

190 2888 774 2968 milledueentosontogintasexnorona·

191 3000 234 3051 tos
262 3001 376 3068 septem
405 2990 536 3051 stutenos
565 3002 631 3051 oete
664 2989 775 3050 obolas.

189 3094 313 3174 Reliqua
343 3094 477 3169 pecunia,
502 3093 558 3153 hoe
583 3102 626 3153 est
654 3093 771 3172 triginta

190 3196 323 3272 quinque
335 3195 414 3267 mille
425 3204 454 3254 et
465 3204 594 3274 quatuor
604 3195 736 3254 coronati
747 3203 776 3255 et

136 3305 166 3356 25
191 3295 417 3374 quatuordeeim
431 3295 548 3369 ataleni,
562 3295 656 3354 solnta
673 3293 715 3354 illi
730 3305 776 3354 est

193 3400 317 3458 Bnemae
334 3418 341 3457 ι
356 3396 457 3475 aprilis
468 3395 538 3456 anni
551 3397 639 3455 ttttx
654 3395 691 3454 ad
706 3396 776 3455 alias

191 3501 330 3560 rationes.
819 3496 938 3557 tonnae
961 3515 1021 3556 eor.
1042 3497 1059 3554 7
1082 3497 1152 3556 sttl
1175 3496 1223 3556 ob.

232 3600 404 3663 Ritmeister
427 3600 556 3658 loannes
585 3594 777 3657 Bernhandus

190 3701 327 3764 militavit
339 3721 407 3761 num
420 3695 774 3775 unneomnetaquadnin·

133 3813 164 3863 to
189 3813 349 3883 gentonnm
361 3810 391 3861 at
401 3802 501 3860 dacem
520 3809 549 3859 at
565 3810 678 3876 septem
694 3798 775 3874 eqni·

190 3915 255 3966 tum
290 3922 358 3963 euin
392 3903 452 3961 suis
474 3900 633 3961 ordinariis
656 3897 773 3978 inpedi-

189 4005 300 4067 mentis
314 4003 352 4064 ab
367 4003 469 4063 ultima
482 3999 559 4081 junii
574 4001 644 4061 anni
661 4001 775 4061 LXtht
