<?xml version="1.0" encoding="UTF-8"?>
<!DOCTYPE html PUBLIC "-//W3C//DTD XHTML 1.0 Transitional//EN"
    "http://www.w3.org/TR/xhtml1/DTD/xhtml1-transitional.dtd">
<html xmlns="http://www.w3.org/1999/xhtml" xml:lang="en" lang="en">
 <head>
  <title>
</title>
<meta http-equiv="Content-Type" content="text/html;charset=utf-8" />
  <meta name='ocr-system' content='tesseract 3.04.00' />
  <meta name='ocr-capabilities' content='ocr_page ocr_carea ocr_par ocr_line ocrx_word'/>
</head>
<body>
  <div class='ocr_page' id='page_1' title='image "./leregistredefra00rachgoog_0029.png"; bbox 0 0 3056 4856; ppageno 0'>
   <div class='ocr_carea' id='block_1_1' title="bbox 770 431 897 529">
    <p class='ocr_par' dir='ltr' id='par_1_1' title="bbox 770 431 897 529">
     <span class='ocr_line' id='line_1_1' title="bbox 770 431 897 529; baseline 0.031 -4"><span class='ocrx_word' id='word_1_1' title='bbox 770 431 897 529; x_wconf 79' lang='lat'>(¹0)</span> 
     </span>
    </p>
   </div>
   <div class='ocr_carea' id='block_1_2' title="bbox 610 741 1042 824">
    <p class='ocr_par' dir='ltr' id='par_1_2' title="bbox 610 741 1042 824">
     <span class='ocr_line' id='line_1_2' title="bbox 610 741 1042 824; baseline 0.012 -22"><span class='ocrx_word' id='word_1_2' title='bbox 610 741 794 824; x_wconf 73' lang='lat' dir='ltr'><strong><em>Exemplum</em></strong></span> <span class='ocrx_word' id='word_1_3' title='bbox 818 746 1042 807; x_wconf 72' lang='lat' dir='ltr'><strong><em>instructionis.</em></strong></span> 
     </span>
    </p>
   </div>
   <div class='ocr_carea' id='block_1_3' title="bbox 313 907 1344 1202">
    <p class='ocr_par' dir='ltr' id='par_1_3' title="bbox 313 907 1344 1202">
     <span class='ocr_line' id='line_1_3' title="bbox 313 907 1341 1000; baseline 0.012 -34"><span class='ocrx_word' id='word_1_4' title='bbox 313 907 402 971; x_wconf 83' lang='lat' dir='ltr'><strong><em>llea:</em></strong></span> <span class='ocrx_word' id='word_1_5' title='bbox 430 907 538 985; x_wconf 68' lang='lat' dir='ltr'><strong><em>Orda·</em></strong></span> <span class='ocrx_word' id='word_1_6' title='bbox 557 931 644 993; x_wconf 81' lang='lat' dir='ltr'><strong><em>quem</em></strong></span> <span class='ocrx_word' id='word_1_7' title='bbox 667 933 703 974; x_wconf 81' lang='lat' dir='ltr'><strong><em>ea</em></strong></span> <span class='ocrx_word' id='word_1_8' title='bbox 728 925 832 976; x_wconf 88' lang='lat' dir='ltr'><strong><em>nostro</em></strong></span> <span class='ocrx_word' id='word_1_9' title='bbox 862 913 1013 979; x_wconf 80' lang='lat' dir='ltr'><strong><em>voluntate</em></strong></span> <span class='ocrx_word' id='word_1_10' title='bbox 1038 930 1063 978; x_wconf 93' lang='lat' dir='ltr'><strong><em>et</em></strong></span> <span class='ocrx_word' id='word_1_11' title='bbox 1081 917 1172 998; x_wconf 79' lang='lat' dir='ltr'><strong><em>jussu</em></strong></span> <span class='ocrx_word' id='word_1_12' title='bbox 1198 923 1341 1000; x_wconf 83' lang='lat' dir='ltr'><strong><em>sequeris,</em></strong></span> 
     </span>
     <span class='ocr_line' id='line_1_4' title="bbox 354 1012 1344 1099; baseline 0.009 -30"><span class='ocrx_word' id='word_1_13' title='bbox 354 1012 513 1074; x_wconf 85' lang='lat' dir='ltr'><strong><em>Francisee</em></strong></span> <span class='ocrx_word' id='word_1_14' title='bbox 526 1013 652 1076; x_wconf 80' lang='lat' dir='ltr'><strong><em>Lixoldi</em></strong></span> <span class='ocrx_word' id='word_1_15' title='bbox 665 1027 805 1099; x_wconf 74' lang='lat' dir='ltr'><strong><em>quaestor</em></strong></span> <span class='ocrx_word' id='word_1_16' title='bbox 821 1040 839 1079; x_wconf 90' lang='lat' dir='ltr'><strong><em>o</em></strong></span> <span class='ocrx_word' id='word_1_17' title='bbox 855 1017 940 1081; x_wconf 84' lang='lat' dir='ltr'><strong><em>nobis</em></strong></span> <span class='ocrx_word' id='word_1_18' title='bbox 955 1020 1107 1087; x_wconf 83' lang='lat' dir='ltr'><strong><em>constitute</em></strong></span> <span class='ocrx_word' id='word_1_19' title='bbox 1120 1023 1217 1081; x_wconf 77' lang='lat' dir='ltr'><strong><em>nostri</em></strong></span> <span class='ocrx_word' id='word_1_20' title='bbox 1234 1022 1344 1080; x_wconf 80' lang='lat' dir='ltr'><strong><em>enerci-</em></strong></span> 
     </span>
     <span class='ocr_line' id='line_1_5' title="bbox 356 1111 1165 1202; baseline 0.015 -33"><span class='ocrx_word' id='word_1_21' title='bbox 356 1119 417 1188; x_wconf 87' lang='lat' dir='ltr'><strong><em>tns,</em></strong></span> <span class='ocrx_word' id='word_1_22' title='bbox 433 1131 518 1193; x_wconf 87' lang='lat' dir='ltr'><strong><em>quern</em></strong></span> <span class='ocrx_word' id='word_1_23' title='bbox 531 1111 636 1198; x_wconf 83' lang='lat' dir='ltr'><strong><em>eolliqi</em></strong></span> <span class='ocrx_word' id='word_1_24' title='bbox 643 1118 808 1197; x_wconf 77' lang='lat' dir='ltr'><strong><em>jussimus,</em></strong></span> <span class='ocrx_word' id='word_1_25' title='bbox 824 1129 866 1180; x_wconf 86' lang='lat' dir='ltr'><strong><em>est</em></strong></span> <span class='ocrx_word' id='word_1_26' title='bbox 880 1121 918 1199; x_wconf 90' lang='lat' dir='ltr'><strong><em>is,</em></strong></span> <span class='ocrx_word' id='word_1_27' title='bbox 936 1121 990 1201; x_wconf 87' lang='lat' dir='ltr'><strong><em>qai</em></strong></span> <span class='ocrx_word' id='word_1_28' title='bbox 1002 1125 1165 1202; x_wconf 83' lang='lat' dir='ltr'><strong><em>sequitur:</em></strong></span> 
     </span>
    </p>
   </div>
   <div class='ocr_carea' id='block_1_4' title="bbox 314 1289 1414 4098">
    <p class='ocr_par' dir='ltr' id='par_1_4' title="bbox 314 1289 1406 2584">
     <span class='ocr_line' id='line_1_6' title="bbox 356 1289 1383 1378; baseline 0.011 -31"><span class='ocrx_word' id='word_1_29' title='bbox 356 1289 488 1351; x_wconf 87' lang='lat' dir='ltr'><strong><em>Primum</em></strong></span> <span class='ocrx_word' id='word_1_30' title='bbox 512 1294 633 1356; x_wconf 88' lang='lat' dir='ltr'><strong><em>habebis</em></strong></span> <span class='ocrx_word' id='word_1_31' title='bbox 648 1297 758 1358; x_wconf 86' lang='lat' dir='ltr'><strong><em>librum</em></strong></span> <span class='ocrx_word' id='word_1_32' title='bbox 775 1300 951 1376; x_wconf 73' lang='lat' dir='ltr'><strong>peculiarem</strong></span> <span class='ocrx_word' id='word_1_33' title='bbox 969 1302 1119 1360; x_wconf 89' lang='lat' dir='ltr'><strong><em>rationum</em></strong></span> <span class='ocrx_word' id='word_1_34' title='bbox 1135 1300 1165 1359; x_wconf 90' lang='lat' dir='ltr'><strong><em>in</em></strong></span> <span class='ocrx_word' id='word_1_35' title='bbox 1187 1300 1258 1359; x_wconf 86' lang='lat' dir='ltr'><strong><em>lolio</em></strong></span> <span class='ocrx_word' id='word_1_36' title='bbox 1273 1318 1342 1378; x_wconf 90' lang='lat' dir='ltr'><strong><em>per·</em></strong></span> <span class='ocrx_word' id='word_1_37' title='bbox 1366 1301 1383 1349; x_wconf 72' lang='grc' dir='ltr'><strong>ὅ</strong></span> 
     </span>
     <span class='ocr_line' id='line_1_7' title="bbox 315 1386 1344 1477; baseline 0.013 -32"><span class='ocrx_word' id='word_1_38' title='bbox 315 1386 455 1467; x_wconf 81' lang='lat' dir='ltr'><strong><em>locatum,</em></strong></span> <span class='ocrx_word' id='word_1_39' title='bbox 483 1393 513 1452; x_wconf 94' lang='lat' dir='ltr'><strong><em>in</em></strong></span> <span class='ocrx_word' id='word_1_40' title='bbox 538 1414 598 1472; x_wconf 89' lang='lat' dir='ltr'><strong><em>quo</em></strong></span> <span class='ocrx_word' id='word_1_41' title='bbox 623 1398 813 1460; x_wconf 86' lang='lat' dir='ltr'><strong><em>constituaris</em></strong></span> <span class='ocrx_word' id='word_1_42' title='bbox 839 1400 957 1460; x_wconf 87' lang='lat' dir='ltr'><strong><em>debitor</em></strong></span> <span class='ocrx_word' id='word_1_43' title='bbox 982 1401 1080 1461; x_wconf 93' lang='lat' dir='ltr'><strong><em>omnis</em></strong></span> <span class='ocrx_word' id='word_1_44' title='bbox 1107 1401 1250 1477; x_wconf 89' lang='lat' dir='ltr'><strong><em>pecuniae</em></strong></span> <span class='ocrx_word' id='word_1_45' title='bbox 1273 1419 1289 1460; x_wconf 89' lang='lat' dir='ltr'><strong><em>a</em></strong></span> <span class='ocrx_word' id='word_1_46' title='bbox 1316 1410 1344 1458; x_wconf 86' lang='lat' dir='ltr'><strong><em>ta</em></strong></span> 
     </span>
     <span class='ocr_line' id='line_1_8' title="bbox 314 1499 1344 1578; baseline 0.012 -32"><span class='ocrx_word' id='word_1_47' title='bbox 314 1503 450 1567; x_wconf 78' lang='lat' dir='ltr'><strong><em>acceptae</em></strong></span> <span class='ocrx_word' id='word_1_48' title='bbox 475 1505 504 1552; x_wconf 90' lang='lat' dir='ltr'><strong><em>et</em></strong></span> <span class='ocrx_word' id='word_1_49' title='bbox 530 1505 597 1555; x_wconf 89' lang='lat' dir='ltr'><strong><em>tuac</em></strong></span> <span class='ocrx_word' id='word_1_50' title='bbox 623 1501 759 1574; x_wconf 76' lang='lat' dir='ltr'><strong><em>potestati</em></strong></span> <span class='ocrx_word' id='word_1_51' title='bbox 786 1501 911 1561; x_wconf 90' lang='lat' dir='ltr'><strong><em>traditae</em></strong></span> <span class='ocrx_word' id='word_1_52' title='bbox 940 1503 971 1560; x_wconf 93' lang='lat' dir='ltr'><strong><em>in</em></strong></span> <span class='ocrx_word' id='word_1_53' title='bbox 998 1501 1176 1561; x_wconf 89' lang='lat' dir='ltr'><strong><em>solationem</em></strong></span> <span class='ocrx_word' id='word_1_54' title='bbox 1204 1499 1344 1578; x_wconf 75' lang='lat' dir='ltr'><strong><em>praedicti</em></strong></span> 
     </span>
     <span class='ocr_line' id='line_1_9' title="bbox 315 1592 1344 1678; baseline 0.01 -31"><span class='ocrx_word' id='word_1_55' title='bbox 315 1592 463 1652; x_wconf 82' lang='lat' dir='ltr'><strong><em>exercitus</em></strong></span> <span class='ocrx_word' id='word_1_56' title='bbox 484 1604 535 1653; x_wconf 91' lang='lat' dir='ltr'><strong><em>aut</em></strong></span> <span class='ocrx_word' id='word_1_57' title='bbox 556 1596 587 1654; x_wconf 91' lang='lat' dir='ltr'><strong><em>in</em></strong></span> <span class='ocrx_word' id='word_1_58' title='bbox 608 1598 699 1657; x_wconf 90' lang='lat' dir='ltr'><strong><em>alium</em></strong></span> <span class='ocrx_word' id='word_1_59' title='bbox 721 1602 858 1677; x_wconf 89' lang='lat' dir='ltr'><strong><em>quemvis</em></strong></span> <span class='ocrx_word' id='word_1_60' title='bbox 880 1620 978 1670; x_wconf 80' lang='lat' dir='ltr'><strong><em>usum.</em></strong></span> <span class='ocrx_word' id='word_1_61' title='bbox 1000 1619 1142 1678; x_wconf 82' lang='lat' dir='ltr'><strong><em>expresso</em></strong></span> <span class='ocrx_word' id='word_1_62' title='bbox 1158 1611 1344 1660; x_wconf 85' lang='lat' dir='ltr'><strong><em>monetarum</em></strong></span> 
     </span>
     <span class='ocr_line' id='line_1_10' title="bbox 317 1689 1344 1777; baseline 0.01 -31"><span class='ocrx_word' id='word_1_63' title='bbox 317 1689 426 1762; x_wconf 89' lang='lat' dir='ltr'><strong><em>valore,</em></strong></span> <span class='ocrx_word' id='word_1_64' title='bbox 447 1694 478 1752; x_wconf 92' lang='lat' dir='ltr'><strong><em>in</em></strong></span> <span class='ocrx_word' id='word_1_65' title='bbox 503 1696 613 1772; x_wconf 91' lang='lat' dir='ltr'><strong><em>quibus</em></strong></span> <span class='ocrx_word' id='word_1_66' title='bbox 639 1698 692 1757; x_wconf 91' lang='lat' dir='ltr'><strong><em>tibi</em></strong></span> <span class='ocrx_word' id='word_1_67' title='bbox 718 1700 810 1759; x_wconf 86' lang='lat' dir='ltr'><strong><em>suerit</em></strong></span> <span class='ocrx_word' id='word_1_68' title='bbox 834 1714 1000 1774; x_wconf 88' lang='lat' dir='ltr'><strong><em>numerata,</em></strong></span> <span class='ocrx_word' id='word_1_69' title='bbox 1029 1718 1151 1760; x_wconf 91' lang='lat' dir='ltr'><strong><em>sumens</em></strong></span> <span class='ocrx_word' id='word_1_70' title='bbox 1176 1700 1344 1777; x_wconf 83' lang='lat' dir='ltr'><strong><em>exemplum</em></strong></span> 
     </span>
     <span class='ocr_line' id='line_1_11' title="bbox 318 1787 1403 1880; baseline 0.007 -33"><span class='ocrx_word' id='word_1_71' title='bbox 318 1787 596 1871; x_wconf 76' lang='lat' dir='ltr'><strong><em>chirographorum,</em></strong></span> <span class='ocrx_word' id='word_1_72' title='bbox 610 1816 686 1874; x_wconf 90' lang='lat' dir='ltr'><strong><em>quae</em></strong></span> <span class='ocrx_word' id='word_1_73' title='bbox 700 1798 830 1871; x_wconf 86' lang='lat' dir='ltr'><strong><em>dederis,</em></strong></span> <span class='ocrx_word' id='word_1_74' title='bbox 849 1800 1073 1880; x_wconf 79' lang='lat' dir='ltr'><strong><em>obsignator-am</em></strong></span> <span class='ocrx_word' id='word_1_75' title='bbox 1096 1819 1201 1860; x_wconf 86' lang='lat' dir='ltr'><strong><em>eorum</em></strong></span> <span class='ocrx_word' id='word_1_76' title='bbox 1217 1801 1347 1869; x_wconf 90' lang='lat' dir='ltr'><strong><em>nomine,</em></strong></span> <span class='ocrx_word' id='word_1_77' title='bbox 1371 1808 1403 1855; x_wconf 86' lang='lat' dir='ltr'><strong><em>tu</em></strong></span> 
     </span>
     <span class='ocr_line' id='line_1_12' title="bbox 320 1891 1347 1979; baseline 0.01 -31"><span class='ocrx_word' id='word_1_78' title='bbox 320 1891 371 1965; x_wconf 91' lang='lat' dir='ltr'><strong><em>qui</em></strong></span> <span class='ocrx_word' id='word_1_79' title='bbox 394 1911 460 1951; x_wconf 83' lang='lat' dir='ltr'><strong><em>earn</em></strong></span> <span class='ocrx_word' id='word_1_80' title='bbox 487 1894 540 1955; x_wconf 93' lang='lat' dir='ltr'><strong><em>tibi</em></strong></span> <span class='ocrx_word' id='word_1_81' title='bbox 565 1899 722 1976; x_wconf 88' lang='lat' dir='ltr'><strong><em>pecuniam</em></strong></span> <span class='ocrx_word' id='word_1_82' title='bbox 749 1913 959 1973; x_wconf 89' lang='lat' dir='ltr'><strong><em>numerarunt,</em></strong></span> <span class='ocrx_word' id='word_1_83' title='bbox 983 1912 1015 1961; x_wconf 90' lang='lat' dir='ltr'><strong><em>ut</em></strong></span> <span class='ocrx_word' id='word_1_84' title='bbox 1041 1920 1095 1979; x_wconf 89' lang='lat' dir='ltr'><strong><em>per</em></strong></span> <span class='ocrx_word' id='word_1_85' title='bbox 1121 1900 1222 1960; x_wconf 88' lang='lat' dir='ltr'><strong><em>eadem</em></strong></span> <span class='ocrx_word' id='word_1_86' title='bbox 1253 1899 1347 1977; x_wconf 91' lang='lat' dir='ltr'><strong><em>possis</em></strong></span> 
     </span>
     <span class='ocr_line' id='line_1_13' title="bbox 319 1998 1347 2080; baseline 0.008 -29"><span class='ocrx_word' id='word_1_87' title='bbox 319 2003 421 2068; x_wconf 88' lang='lat' dir='ltr'><strong><em>postea</em></strong></span> <span class='ocrx_word' id='word_1_88' title='bbox 448 1998 549 2055; x_wconf 87' lang='lat' dir='ltr'><strong><em>testari</em></strong></span> <span class='ocrx_word' id='word_1_89' title='bbox 570 2007 655 2057; x_wconf 91' lang='lat' dir='ltr'><strong><em>tuum</em></strong></span> <span class='ocrx_word' id='word_1_90' title='bbox 678 1999 823 2060; x_wconf 91' lang='lat' dir='ltr'><strong><em>debitum.</em></strong></span> <span class='ocrx_word' id='word_1_91' title='bbox 853 2001 967 2060; x_wconf 78' lang='lat' dir='ltr'><strong><em>reseres</em></strong></span> <span class='ocrx_word' id='word_1_92' title='bbox 991 2020 1109 2080; x_wconf 89' lang='lat' dir='ltr'><strong><em>quaque</em></strong></span> <span class='ocrx_word' id='word_1_93' title='bbox 1131 2001 1161 2059; x_wconf 92' lang='lat' dir='ltr'><strong><em>in</em></strong></span> <span class='ocrx_word' id='word_1_94' title='bbox 1183 2019 1215 2060; x_wconf 90' lang='lat' dir='ltr'><strong><em>ea</em></strong></span> <span class='ocrx_word' id='word_1_95' title='bbox 1239 1999 1347 2069; x_wconf 85' lang='lat' dir='ltr'><strong><em>debita,</em></strong></span> 
     </span>
     <span class='ocr_line' id='line_1_14' title="bbox 320 2094 1349 2169; baseline 0.006 -17"><span class='ocrx_word' id='word_1_96' title='bbox 320 2094 462 2169; x_wconf 85' lang='lat' dir='ltr'><strong><em>quiequid</em></strong></span> <span class='ocrx_word' id='word_1_97' title='bbox 489 2099 684 2159; x_wconf 84' lang='lat' dir='ltr'><strong><em>emolumenti</em></strong></span> <span class='ocrx_word' id='word_1_98' title='bbox 709 2110 760 2159; x_wconf 90' lang='lat' dir='ltr'><strong><em>aut</em></strong></span> <span class='ocrx_word' id='word_1_99' title='bbox 787 2101 922 2161; x_wconf 85' lang='lat' dir='ltr'><strong><em>utilitatis</em></strong></span> <span class='ocrx_word' id='word_1_100' title='bbox 951 2120 987 2160; x_wconf 81' lang='lat' dir='ltr'><strong><em>ex</em></strong></span> <span class='ocrx_word' id='word_1_101' title='bbox 1012 2102 1115 2161; x_wconf 89' lang='lat' dir='ltr'><strong><em>maiori</em></strong></span> <span class='ocrx_word' id='word_1_102' title='bbox 1144 2101 1349 2160; x_wconf 84' lang='lat' dir='ltr'><strong><em>aestimatione</em></strong></span> 
     </span>
     <span class='ocr_line' id='line_1_15' title="bbox 325 2200 1348 2280; baseline 0.005 -28"><span class='ocrx_word' id='word_1_103' title='bbox 325 2206 510 2256; x_wconf 87' lang='lat' dir='ltr'><strong><em>rnonetarum</em></strong></span> <span class='ocrx_word' id='word_1_104' title='bbox 532 2200 656 2261; x_wconf 90' lang='lat' dir='ltr'><strong><em>venerit.</em></strong></span> <span class='ocrx_word' id='word_1_105' title='bbox 675 2201 749 2260; x_wconf 92' lang='lat' dir='ltr'><strong><em>lllud</em></strong></span> <span class='ocrx_word' id='word_1_106' title='bbox 774 2220 892 2280; x_wconf 88' lang='lat' dir='ltr'><strong><em>semper</em></strong></span> <span class='ocrx_word' id='word_1_107' title='bbox 916 2200 1098 2271; x_wconf 80' lang='lat' dir='ltr'><strong><em>observabis,</em></strong></span> <span class='ocrx_word' id='word_1_108' title='bbox 1123 2213 1155 2260; x_wconf 91' lang='lat' dir='ltr'><strong><em>nt</em></strong></span> <span class='ocrx_word' id='word_1_109' title='bbox 1177 2202 1348 2260; x_wconf 87' lang='lat' dir='ltr'><strong><em>universam</em></strong></span> 
     </span>
     <span class='ocr_line' id='line_1_16' title="bbox 320 2296 1406 2380; baseline 0.007 -26"><span class='ocrx_word' id='word_1_110' title='bbox 320 2296 465 2357; x_wconf 90' lang='lat' dir='ltr'><strong><em>eiusmodi</em></strong></span> <span class='ocrx_word' id='word_1_111' title='bbox 481 2298 636 2375; x_wconf 89' lang='lat' dir='ltr'><strong><em>pecuniam</em></strong></span> <span class='ocrx_word' id='word_1_112' title='bbox 659 2321 718 2361; x_wconf 94' lang='lat' dir='ltr'><strong><em>non</em></strong></span> <span class='ocrx_word' id='word_1_113' title='bbox 735 2302 820 2362; x_wconf 90' lang='lat' dir='ltr'><strong><em>aliter</em></strong></span> <span class='ocrx_word' id='word_1_114' title='bbox 835 2322 923 2380; x_wconf 90' lang='lat' dir='ltr'><strong><em>quam</em></strong></span> <span class='ocrx_word' id='word_1_115' title='bbox 947 2302 1154 2380; x_wconf 89' lang='lat' dir='ltr'><strong><em>praesentibus</em></strong></span> <span class='ocrx_word' id='word_1_116' title='bbox 1169 2311 1198 2361; x_wconf 91' lang='lat' dir='ltr'><strong><em>et</em></strong></span> <span class='ocrx_word' id='word_1_117' title='bbox 1217 2304 1346 2362; x_wconf 87' lang='lat' dir='ltr'><strong><em>interve·</em></strong></span> <span class='ocrx_word' id='word_1_118' title='bbox 1374 2316 1406 2362; x_wconf 82' lang='lat' dir='ltr'><strong><em>ttt</em></strong></span> 
     </span>
     <span class='ocr_line' id='line_1_17' title="bbox 322 2395 1348 2483; baseline 0.005 -27"><span class='ocrx_word' id='word_1_119' title='bbox 322 2395 473 2459; x_wconf 87' lang='lat' dir='ltr'><strong><em>aientibus</em></strong></span> <span class='ocrx_word' id='word_1_120' title='bbox 488 2401 655 2480; x_wconf 89' lang='lat' dir='ltr'><strong><em>inspectore</em></strong></span> <span class='ocrx_word' id='word_1_121' title='bbox 670 2415 773 2464; x_wconf 89' lang='lat' dir='ltr'><strong><em>nostro</em></strong></span> <span class='ocrx_word' id='word_1_122' title='bbox 785 2405 927 2483; x_wconf 90' lang='lat' dir='ltr'><strong><em>primario</em></strong></span> <span class='ocrx_word' id='word_1_123' title='bbox 943 2415 972 2464; x_wconf 90' lang='lat' dir='ltr'><strong><em>et</em></strong></span> <span class='ocrx_word' id='word_1_124' title='bbox 983 2404 1193 2482; x_wconf 87' lang='lat' dir='ltr'><strong><em>quaestoribus</em></strong></span> <span class='ocrx_word' id='word_1_125' title='bbox 1206 2402 1348 2481; x_wconf 87' lang='lat' dir='ltr'><strong><em>praedicti</em></strong></span> 
     </span>
     <span class='ocr_line' id='line_1_18' title="bbox 319 2501 1348 2584; baseline 0.004 -26"><span class='ocrx_word' id='word_1_126' title='bbox 319 2501 468 2561; x_wconf 84' lang='lat' dir='ltr'><strong><em>exercitus</em></strong></span> <span class='ocrx_word' id='word_1_127' title='bbox 482 2504 620 2581; x_wconf 80' lang='lat' dir='ltr'><strong><em>accipias3</em></strong></span> <span class='ocrx_word' id='word_1_128' title='bbox 636 2504 660 2564; x_wconf 92' lang='lat' dir='ltr'><strong><em>si</em></strong></span> <span class='ocrx_word' id='word_1_129' title='bbox 679 2505 765 2565; x_wconf 88' lang='lat' dir='ltr'><strong><em>aliter</em></strong></span> <span class='ocrx_word' id='word_1_130' title='bbox 778 2509 936 2583; x_wconf 86' lang='lat' dir='ltr'><strong><em>acceperis,</em></strong></span> <span class='ocrx_word' id='word_1_131' title='bbox 956 2507 1048 2565; x_wconf 88' lang='lat' dir='ltr'><strong><em>multa</em></strong></span> <span class='ocrx_word' id='word_1_132' title='bbox 1064 2504 1122 2579; x_wconf 83' lang='lat' dir='ltr'><strong><em>erit</em></strong></span> <span class='ocrx_word' id='word_1_133' title='bbox 1136 2504 1348 2584; x_wconf 89' lang='lat' dir='ltr'><strong><em>quadruplum.</em></strong></span> 
     </span>
    </p>

    <p class='ocr_par' dir='ltr' id='par_1_5' title="bbox 321 2586 1408 3491">
     <span class='ocr_line' id='line_1_19' title="bbox 363 2586 1350 2684; baseline 0.003 -25"><span class='ocrx_word' id='word_1_134' title='bbox 363 2601 434 2660; x_wconf 89' lang='lat' dir='ltr'><strong><em>ltem</em></strong></span> <span class='ocrx_word' id='word_1_135' title='bbox 452 2586 565 2664; x_wconf 81' lang='lat' dir='ltr'><strong><em>reseres</em></strong></span> <span class='ocrx_word' id='word_1_136' title='bbox 588 2606 618 2663; x_wconf 92' lang='lat' dir='ltr'><strong><em>in</em></strong></span> <span class='ocrx_word' id='word_1_137' title='bbox 641 2605 787 2664; x_wconf 85' lang='lat' dir='ltr'><strong><em>rationem</em></strong></span> <span class='ocrx_word' id='word_1_138' title='bbox 807 2624 927 2664; x_wconf 91' lang='lat' dir='ltr'><strong><em>omnem</em></strong></span> <span class='ocrx_word' id='word_1_139' title='bbox 949 2605 1106 2684; x_wconf 89' lang='lat' dir='ltr'><strong><em>pecuniam</em></strong></span> <span class='ocrx_word' id='word_1_140' title='bbox 1127 2605 1181 2665; x_wconf 93' lang='lat' dir='ltr'><strong><em>abs</em></strong></span> <span class='ocrx_word' id='word_1_141' title='bbox 1203 2614 1231 2663; x_wconf 92' lang='lat' dir='ltr'><strong><em>te</em></strong></span> <span class='ocrx_word' id='word_1_142' title='bbox 1253 2604 1350 2663; x_wconf 73' lang='lat' dir='ltr'><strong><em>dictam</em></strong></span> 
     </span>
     <span class='ocr_line' id='line_1_20' title="bbox 321 2705 1351 2784; baseline 0.003 -23"><span class='ocrx_word' id='word_1_143' title='bbox 321 2705 448 2765; x_wconf 88' lang='lat' dir='ltr'><strong><em>solutam</em></strong></span> <span class='ocrx_word' id='word_1_144' title='bbox 463 2718 493 2766; x_wconf 90' lang='lat' dir='ltr'><strong><em>et</em></strong></span> <span class='ocrx_word' id='word_1_145' title='bbox 507 2707 705 2777; x_wconf 88' lang='lat' dir='ltr'><strong><em>distributam,</em></strong></span> <span class='ocrx_word' id='word_1_146' title='bbox 721 2726 798 2784; x_wconf 89' lang='lat' dir='ltr'><strong><em>quae</em></strong></span> <span class='ocrx_word' id='word_1_147' title='bbox 813 2726 871 2767; x_wconf 81' lang='lat' dir='ltr'><strong><em>tion</em></strong></span> <span class='ocrx_word' id='word_1_148' title='bbox 890 2707 977 2767; x_wconf 88' lang='lat' dir='ltr'><strong><em>aliter</em></strong></span> <span class='ocrx_word' id='word_1_149' title='bbox 987 2709 1039 2767; x_wconf 90' lang='lat' dir='ltr'><strong><em>abs</em></strong></span> <span class='ocrx_word' id='word_1_150' title='bbox 1056 2717 1085 2767; x_wconf 83' lang='lat' dir='ltr'><strong><em>te</em></strong></span> <span class='ocrx_word' id='word_1_151' title='bbox 1098 2708 1155 2767; x_wconf 90' lang='lat' dir='ltr'><strong><em>erit</em></strong></span> <span class='ocrx_word' id='word_1_152' title='bbox 1167 2706 1351 2766; x_wconf 88' lang='lat' dir='ltr'><strong><em>numeranda</em></strong></span> 
     </span>
     <span class='ocr_line' id='line_1_21' title="bbox 321 2806 1406 2888; baseline 0.001 -25"><span class='ocrx_word' id='word_1_153' title='bbox 321 2823 412 2881; x_wconf 90' lang='lat' dir='ltr'><strong><em>quam</em></strong></span> <span class='ocrx_word' id='word_1_154' title='bbox 435 2806 472 2865; x_wconf 89' lang='lat' dir='ltr'><strong><em>ad</em></strong></span> <span class='ocrx_word' id='word_1_155' title='bbox 497 2806 691 2888; x_wconf 80' lang='lat' dir='ltr'><strong><em>chirographa</em></strong></span> <span class='ocrx_word' id='word_1_156' title='bbox 716 2820 768 2868; x_wconf 88' lang='lat' dir='ltr'><strong><em>aut</em></strong></span> <span class='ocrx_word' id='word_1_157' title='bbox 789 2809 937 2884; x_wconf 86' lang='lat' dir='ltr'><strong><em>jussorias</em></strong></span> <span class='ocrx_word' id='word_1_158' title='bbox 963 2807 1119 2869; x_wconf 88' lang='lat' dir='ltr'><strong><em>solutionis</em></strong></span> <span class='ocrx_word' id='word_1_159' title='bbox 1144 2807 1244 2867; x_wconf 88' lang='lat' dir='ltr'><strong><em>literas</em></strong></span> <span class='ocrx_word' id='word_1_160' title='bbox 1269 2808 1351 2866; x_wconf 89' lang='lat' dir='ltr'><strong><em>ducis</em></strong></span> <span class='ocrx_word' id='word_1_161' title='bbox 1377 2818 1406 2864; x_wconf 65' lang='lat'><strong><em>⁹20</em></strong></span> 
     </span>
     <span class='ocr_line' id='line_1_22' title="bbox 323 2906 1352 2989; baseline 0.001 -25"><span class='ocrx_word' id='word_1_162' title='bbox 323 2906 428 2966; x_wconf 85' lang='lat' dir='ltr'><strong><em>Albani</em></strong></span> <span class='ocrx_word' id='word_1_163' title='bbox 457 2909 590 2985; x_wconf 89' lang='lat' dir='ltr'><strong><em>primarii</em></strong></span> <span class='ocrx_word' id='word_1_164' title='bbox 623 2912 715 2968; x_wconf 88' lang='lat' dir='ltr'><strong><em>nostri</em></strong></span> <span class='ocrx_word' id='word_1_165' title='bbox 750 2910 832 2969; x_wconf 88' lang='lat' dir='ltr'><strong><em>ducis</em></strong></span> <span class='ocrx_word' id='word_1_166' title='bbox 866 2909 1007 2989; x_wconf 87' lang='lat' dir='ltr'><strong><em>praedicti</em></strong></span> <span class='ocrx_word' id='word_1_167' title='bbox 1037 2908 1186 2970; x_wconf 82' lang='lat' dir='ltr'><strong><em>exercitus</em></strong></span> <span class='ocrx_word' id='word_1_168' title='bbox 1218 2907 1293 2966; x_wconf 85' lang='lat' dir='ltr'><strong><em>lacta</em></strong></span> <span class='ocrx_word' id='word_1_169' title='bbox 1322 2916 1352 2966; x_wconf 89' lang='lat' dir='ltr'><strong><em>et</em></strong></span> 
     </span>
     <span class='ocr_line' id='line_1_23' title="bbox 321 3006 1352 3088; baseline 0.001 -22"><span class='ocrx_word' id='word_1_170' title='bbox 321 3006 469 3087; x_wconf 89' lang='lat' dir='ltr'><strong><em>descripta</em></strong></span> <span class='ocrx_word' id='word_1_171' title='bbox 494 3028 549 3086; x_wconf 87' lang='lat' dir='ltr'><strong><em>per</em></strong></span> <span class='ocrx_word' id='word_1_172' title='bbox 572 3009 737 3087; x_wconf 87' lang='lat' dir='ltr'><strong><em>praedictos</em></strong></span> <span class='ocrx_word' id='word_1_173' title='bbox 763 3023 936 3088; x_wconf 87' lang='lat' dir='ltr'><strong><em>quaestores</em></strong></span> <span class='ocrx_word' id='word_1_174' title='bbox 960 3021 990 3069; x_wconf 90' lang='lat' dir='ltr'><strong><em>et</em></strong></span> <span class='ocrx_word' id='word_1_175' title='bbox 1015 3012 1131 3070; x_wconf 90' lang='lat' dir='ltr'><strong><em>ratione</em></strong></span> <span class='ocrx_word' id='word_1_176' title='bbox 1156 3019 1273 3086; x_wconf 89' lang='lat' dir='ltr'><strong><em>accepta</em></strong></span> <span class='ocrx_word' id='word_1_177' title='bbox 1300 3028 1352 3086; x_wconf 90' lang='lat' dir='ltr'><strong><em>per</em></strong></span> 
     </span>
     <span class='ocr_line' id='line_1_24' title="bbox 323 3111 1352 3191; baseline -0.001 -22"><span class='ocrx_word' id='word_1_178' title='bbox 323 3111 505 3188; x_wconf 88' lang='lat' dir='ltr'><strong><em>praedictum</em></strong></span> <span class='ocrx_word' id='word_1_179' title='bbox 522 3122 656 3170; x_wconf 90' lang='lat' dir='ltr'><strong><em>nostrum</em></strong></span> <span class='ocrx_word' id='word_1_180' title='bbox 670 3112 871 3191; x_wconf 88' lang='lat' dir='ltr'><strong><em>inspectorem</em></strong></span> <span class='ocrx_word' id='word_1_181' title='bbox 888 3113 1075 3191; x_wconf 86' lang='lat' dir='ltr'><strong><em>primarium,</em></strong></span> <span class='ocrx_word' id='word_1_182' title='bbox 1090 3112 1142 3189; x_wconf 92' lang='lat' dir='ltr'><strong><em>qui</em></strong></span> <span class='ocrx_word' id='word_1_183' title='bbox 1157 3111 1246 3171; x_wconf 89' lang='lat' dir='ltr'><strong><em>etiam</em></strong></span> <span class='ocrx_word' id='word_1_184' title='bbox 1263 3121 1352 3170; x_wconf 86' lang='lat' dir='ltr'><strong><em>testa-</em></strong></span> 
     </span>
     <span class='ocr_line' id='line_1_25' title="bbox 322 3209 1353 3289; baseline -0.002 -18"><span class='ocrx_word' id='word_1_185' title='bbox 322 3211 403 3271; x_wconf 90' lang='lat' dir='ltr'><strong><em>bitur</em></strong></span> <span class='ocrx_word' id='word_1_186' title='bbox 416 3209 594 3270; x_wconf 89' lang='lat' dir='ltr'><strong><em>solutionem</em></strong></span> <span class='ocrx_word' id='word_1_187' title='bbox 610 3230 642 3271; x_wconf 85' lang='lat' dir='ltr'><strong><em>se</em></strong></span> <span class='ocrx_word' id='word_1_188' title='bbox 664 3224 819 3289; x_wconf 87' lang='lat' dir='ltr'><strong><em>praesente</em></strong></span> <span class='ocrx_word' id='word_1_189' title='bbox 838 3231 902 3272; x_wconf 89' lang='lat' dir='ltr'><strong><em>esse</em></strong></span> <span class='ocrx_word' id='word_1_190' title='bbox 917 3213 1034 3271; x_wconf 82' lang='lat' dir='ltr'><strong><em>laetam</em></strong></span> <span class='ocrx_word' id='word_1_191' title='bbox 1052 3212 1140 3285; x_wconf 83' lang='lat' dir='ltr'><strong><em>Quod</em></strong></span> <span class='ocrx_word' id='word_1_192' title='bbox 1152 3223 1253 3271; x_wconf 76' lang='lat' dir='ltr'><strong><em>numm</em></strong></span> <span class='ocrx_word' id='word_1_193' title='bbox 1268 3229 1353 3287; x_wconf 90' lang='lat' dir='ltr'><strong><em>prae·</em></strong></span> 
     </span>
     <span class='ocr_line' id='line_1_26' title="bbox 322 3311 1408 3387; baseline -0.004 -15"><span class='ocrx_word' id='word_1_194' title='bbox 322 3323 367 3372; x_wconf 91' lang='lat' dir='ltr'><strong><em>ter</em></strong></span> <span class='ocrx_word' id='word_1_195' title='bbox 383 3311 464 3370; x_wconf 86' lang='lat' dir='ltr'><strong><em>hune</em></strong></span> <span class='ocrx_word' id='word_1_196' title='bbox 478 3311 613 3371; x_wconf 89' lang='lat' dir='ltr'><strong><em>ordinem</em></strong></span> <span class='ocrx_word' id='word_1_197' title='bbox 629 3312 681 3372; x_wconf 89' lang='lat' dir='ltr'><strong><em>ahs</em></strong></span> <span class='ocrx_word' id='word_1_198' title='bbox 705 3313 840 3373; x_wconf 79' lang='lat' dir='ltr'><strong><em>tefuerit</em></strong></span> <span class='ocrx_word' id='word_1_199' title='bbox 863 3312 1068 3387; x_wconf 90' lang='lat' dir='ltr'><strong><em>distributum,</em></strong></span> <span class='ocrx_word' id='word_1_200' title='bbox 1084 3332 1143 3372; x_wconf 91' lang='lat' dir='ltr'><strong><em>non</em></strong></span> <span class='ocrx_word' id='word_1_201' title='bbox 1167 3312 1353 3380; x_wconf 87' lang='lat' dir='ltr'><strong><em>admittetur,</em></strong></span> <span class='ocrx_word' id='word_1_202' title='bbox 1377 3323 1408 3369; x_wconf 72' lang='lat' dir='ltr'><strong><em>aa</em></strong></span> 
     </span>
     <span class='ocr_line' id='line_1_27' title="bbox 323 3412 794 3491; baseline 0.006 -19"><span class='ocrx_word' id='word_1_203' title='bbox 323 3431 421 3489; x_wconf 90' lang='lat' dir='ltr'><strong><em>neque</em></strong></span> <span class='ocrx_word' id='word_1_204' title='bbox 435 3412 595 3491; x_wconf 88' lang='lat' dir='ltr'><strong><em>recipietur</em></strong></span> <span class='ocrx_word' id='word_1_205' title='bbox 609 3413 639 3472; x_wconf 91' lang='lat' dir='ltr'><strong><em>in</em></strong></span> <span class='ocrx_word' id='word_1_206' title='bbox 655 3413 794 3475; x_wconf 87' lang='lat' dir='ltr'><strong><em>rationes.</em></strong></span> 
     </span>
    </p>

    <p class='ocr_par' dir='ltr' id='par_1_6' title="bbox 325 3512 1354 3793">
     <span class='ocr_line' id='line_1_28' title="bbox 365 3512 1354 3592; baseline -0.003 -20"><span class='ocrx_word' id='word_1_207' title='bbox 365 3512 607 3590; x_wconf 83' lang='lat' dir='ltr'><strong><em>Quotiescunque</em></strong></span> <span class='ocrx_word' id='word_1_208' title='bbox 622 3512 762 3592; x_wconf 89' lang='lat' dir='ltr'><strong><em>praedicti</em></strong></span> <span class='ocrx_word' id='word_1_209' title='bbox 781 3514 932 3591; x_wconf 86' lang='lat' dir='ltr'><strong><em>inspector</em></strong></span> <span class='ocrx_word' id='word_1_210' title='bbox 949 3521 979 3573; x_wconf 89' lang='lat' dir='ltr'><strong><em>et</em></strong></span> <span class='ocrx_word' id='word_1_211' title='bbox 994 3523 1166 3589; x_wconf 88' lang='lat' dir='ltr'><strong><em>quaestores</em></strong></span> <span class='ocrx_word' id='word_1_212' title='bbox 1179 3532 1196 3572; x_wconf 89' lang='lat' dir='ltr'><strong><em>a</em></strong></span> <span class='ocrx_word' id='word_1_213' title='bbox 1211 3523 1239 3571; x_wconf 88' lang='lat' dir='ltr'><strong><em>tc</em></strong></span> <span class='ocrx_word' id='word_1_214' title='bbox 1254 3522 1354 3589; x_wconf 91' lang='lat' dir='ltr'><strong><em>postu·</em></strong></span> 
     </span>
     <span class='ocr_line' id='line_1_29' title="bbox 325 3611 1354 3693; baseline -0.004 -20"><span class='ocrx_word' id='word_1_215' title='bbox 325 3614 451 3674; x_wconf 88' lang='lat' dir='ltr'><strong><em>laverint</em></strong></span> <span class='ocrx_word' id='word_1_216' title='bbox 466 3614 610 3673; x_wconf 90' lang='lat' dir='ltr'><strong><em>rationem</em></strong></span> <span class='ocrx_word' id='word_1_217' title='bbox 632 3626 767 3693; x_wconf 87' lang='lat' dir='ltr'><strong><em>acceptae</em></strong></span> <span class='ocrx_word' id='word_1_218' title='bbox 790 3626 820 3675; x_wconf 89' lang='lat' dir='ltr'><strong><em>et</em></strong></span> <span class='ocrx_word' id='word_1_219' title='bbox 839 3614 1016 3674; x_wconf 87' lang='lat' dir='ltr'><strong><em>distributae</em></strong></span> <span class='ocrx_word' id='word_1_220' title='bbox 1032 3613 1184 3691; x_wconf 89' lang='lat' dir='ltr'><strong><em>pecuniae,</em></strong></span> <span class='ocrx_word' id='word_1_221' title='bbox 1206 3611 1354 3672; x_wconf 85' lang='lat' dir='ltr'><strong><em>teneberis</em></strong></span> 
     </span>
     <span class='ocr_line' id='line_1_30' title="bbox 325 3713 1284 3793; baseline 0 -19"><span class='ocrx_word' id='word_1_222' title='bbox 325 3715 449 3775; x_wconf 88' lang='lat' dir='ltr'><strong><em>reddere</em></strong></span> <span class='ocrx_word' id='word_1_223' title='bbox 462 3725 521 3775; x_wconf 82' lang='lat' dir='ltr'><strong><em>tarn</em></strong></span> <span class='ocrx_word' id='word_1_224' title='bbox 536 3714 673 3775; x_wconf 87' lang='lat' dir='ltr'><strong><em>distincte</em></strong></span> <span class='ocrx_word' id='word_1_225' title='bbox 688 3725 718 3775; x_wconf 90' lang='lat' dir='ltr'><strong><em>et</em></strong></span> <span class='ocrx_word' id='word_1_226' title='bbox 733 3716 933 3792; x_wconf 86' lang='lat' dir='ltr'><strong><em>peculiariter,</em></strong></span> <span class='ocrx_word' id='word_1_227' title='bbox 947 3733 1035 3792; x_wconf 89' lang='lat' dir='ltr'><strong><em>quam</em></strong></span> <span class='ocrx_word' id='word_1_228' title='bbox 1052 3714 1108 3793; x_wconf 87' lang='lat' dir='ltr'><strong><em>ipsi</em></strong></span> <span class='ocrx_word' id='word_1_229' title='bbox 1123 3713 1284 3774; x_wconf 86' lang='lat' dir='ltr'><strong><em>voluerint.</em></strong></span> 
     </span>
    </p>

    <p class='ocr_par' dir='ltr' id='par_1_7' title="bbox 326 3812 1414 4098">
     <span class='ocr_line' id='line_1_31' title="bbox 365 3812 1414 3891; baseline -0.004 -15"><span class='ocrx_word' id='word_1_230' title='bbox 365 3816 443 3876; x_wconf 87' lang='lat' dir='ltr'><strong><em>Nihil</em></strong></span> <span class='ocrx_word' id='word_1_231' title='bbox 458 3815 554 3877; x_wconf 87' lang='lat' dir='ltr'><strong><em>solves</em></strong></span> <span class='ocrx_word' id='word_1_232' title='bbox 569 3817 621 3875; x_wconf 91' lang='lat' dir='ltr'><strong><em>ulli</em></strong></span> <span class='ocrx_word' id='word_1_233' title='bbox 639 3815 766 3877; x_wconf 90' lang='lat' dir='ltr'><strong><em>militum</em></strong></span> <span class='ocrx_word' id='word_1_234' title='bbox 783 3828 835 3875; x_wconf 90' lang='lat' dir='ltr'><strong><em>ant</em></strong></span> <span class='ocrx_word' id='word_1_235' title='bbox 850 3816 898 3874; x_wconf 92' lang='lat' dir='ltr'><strong><em>alii</em></strong></span> <span class='ocrx_word' id='word_1_236' title='bbox 913 3815 1089 3891; x_wconf 87' lang='lat' dir='ltr'><strong><em>cuicumque</em></strong></span> <span class='ocrx_word' id='word_1_237' title='bbox 1108 3832 1145 3872; x_wconf 81' lang='lat' dir='ltr'><strong><em>ex</em></strong></span> <span class='ocrx_word' id='word_1_238' title='bbox 1160 3815 1292 3873; x_wconf 84' lang='lat' dir='ltr'><strong><em>exercitu</em></strong></span> <span class='ocrx_word' id='word_1_239' title='bbox 1309 3812 1354 3872; x_wconf 87' lang='lat' dir='ltr'><strong><em>vel</em></strong></span> <span class='ocrx_word' id='word_1_240' title='bbox 1382 3824 1414 3872; x_wconf 70' lang='lat' dir='ltr'><strong><em>m</em></strong></span> 
     </span>
     <span class='ocr_line' id='line_1_32' title="bbox 326 3917 1356 3996; baseline -0.002 -19"><span class='ocrx_word' id='word_1_241' title='bbox 326 3917 466 3996; x_wconf 89' lang='lat' dir='ltr'><strong><em>stipendii</em></strong></span> <span class='ocrx_word' id='word_1_242' title='bbox 496 3918 540 3978; x_wconf 92' lang='lat' dir='ltr'><strong><em>vel</em></strong></span> <span class='ocrx_word' id='word_1_243' title='bbox 569 3917 669 3978; x_wconf 86' lang='lat' dir='ltr'><strong><em>auxilii</em></strong></span> <span class='ocrx_word' id='word_1_244' title='bbox 700 3921 821 3978; x_wconf 87' lang='lat' dir='ltr'><strong><em>nornine</em></strong></span> <span class='ocrx_word' id='word_1_245' title='bbox 847 3920 892 3977; x_wconf 87' lang='lat' dir='ltr'><strong><em>vel</em></strong></span> <span class='ocrx_word' id='word_1_246' title='bbox 919 3919 977 3977; x_wconf 90' lang='lat' dir='ltr'><strong><em>ulla</em></strong></span> <span class='ocrx_word' id='word_1_247' title='bbox 1002 3917 1059 3976; x_wconf 90' lang='lat' dir='ltr'><strong><em>alia</em></strong></span> <span class='ocrx_word' id='word_1_248' title='bbox 1085 3918 1200 3976; x_wconf 90' lang='lat' dir='ltr'><strong><em>ratione</em></strong></span> <span class='ocrx_word' id='word_1_249' title='bbox 1222 3917 1278 3976; x_wconf 89' lang='lat' dir='ltr'><strong><em>nisi</em></strong></span> <span class='ocrx_word' id='word_1_250' title='bbox 1303 3934 1356 3994; x_wconf 88' lang='lat' dir='ltr'><strong><em>per</em></strong></span> 
     </span>
     <span class='ocr_line' id='line_1_33' title="bbox 327 4018 1355 4098; baseline -0.001 -19"><span class='ocrx_word' id='word_1_251' title='bbox 327 4020 427 4081; x_wconf 88' lang='lat' dir='ltr'><strong><em>literas</em></strong></span> <span class='ocrx_word' id='word_1_252' title='bbox 448 4021 603 4081; x_wconf 91' lang='lat' dir='ltr'><strong><em>solutionis</em></strong></span> <span class='ocrx_word' id='word_1_253' title='bbox 624 4021 767 4098; x_wconf 89' lang='lat' dir='ltr'><strong><em>jussorias</em></strong></span> <span class='ocrx_word' id='word_1_254' title='bbox 790 4020 932 4097; x_wconf 90' lang='lat' dir='ltr'><strong><em>praedicti</em></strong></span> <span class='ocrx_word' id='word_1_255' title='bbox 953 4020 1046 4079; x_wconf 88' lang='lat' dir='ltr'><strong><em>nostri</em></strong></span> <span class='ocrx_word' id='word_1_256' title='bbox 1065 4018 1149 4078; x_wconf 89' lang='lat' dir='ltr'><strong><em>ducis</em></strong></span> <span class='ocrx_word' id='word_1_257' title='bbox 1169 4019 1303 4098; x_wconf 91' lang='lat' dir='ltr'><strong><em>primarii</em></strong></span> <span class='ocrx_word' id='word_1_258' title='bbox 1324 4019 1355 4078; x_wconf 92' lang='lat' dir='ltr'><strong><em>in</em></strong></span> 
     </span>
    </p>
   </div>
   <div class='ocr_carea' id='block_1_5' title="bbox 0 0 1553 4852">
    <p class='ocr_par' dir='ltr' id='par_1_8' title="bbox 0 0 1553 4852">
     <span class='ocr_line' id='line_1_34' title="bbox 0 0 1553 4852; baseline 0 0"><span class='ocrx_word' id='word_1_259' title='bbox 0 0 1553 4852; x_wconf 95' lang='lat' dir='ltr'><strong><em> </em></strong></span> 
     </span>
    </p>
   </div>
  </div>
 </body>
</html>
