3056 4856
632 444 760 543 (59')

187 644 218 703 in
235 662 368 704 mensem
384 645 508 706 trecenti
519 656 548 704 ct
559 657 672 724 septem
687 666 770 706 eoro-

190 746 249 806 nati
263 746 365 806 decem
381 759 411 807 et
425 766 531 808 novem
550 749 656 809 statari
678 762 707 809 et
721 769 770 809 sex
792 806 793 809 ,
1139 820 1141 823 ,

188 848 314 907 nummi.
816 852 874 911 507
890 870 952 910 eor.
973 852 1006 908 19
1023 863 1057 910 st.
1074 853 1092 907 o
1109 846 1156 908 ob.

230 951 332 1026 itaque
343 968 458 1009 summa
471 951 577 1010 harum
588 970 773 1011 summarum

148 1077 164 1123 5
189 1058 233 1110 est
248 1069 354 1110 novem
375 1052 456 1112 miiie
473 1053 653 1130 septingenti
673 1062 774 1112 aetua-

189 1151 269 1230 ginta
285 1162 351 1211 octo
365 1151 498 1212 coronati
511 1153 638 1212 sedecim
657 1152 775 1214 steteri.

192 1425 286 1485 Pecto
311 1423 549 1500 permutationes
577 1434 602 1483 et
628 1422 774 1504 sinonem.

233 1600 593 1662 Diversismereatoribus
609 1621 663 1681 pre
684 1604 775 1681 pactis

192 1702 460 1779 permutationibus
489 1713 518 1763 et
548 1703 671 1763 tinaneis
705 1724 772 1763 cunr

137 1824 167 1870 ιο
191 1802 300 1862 eisdem
331 1803 413 1863 saetis
441 1824 456 1862 a
488 1806 566 1863 Duce
595 1805 709 1863 Aibano
735 1807 771 1863 ad

193 1905 321 1963 rationes
342 1905 448 1982 Regiae
474 1906 632 1964 Maiestatis
656 1914 686 1964 et
711 1907 776 1965 aliis

193 2005 322 2081 negociis
355 2005 393 2064 ad
428 2007 541 2083 regiam
570 2008 772 2066 commodem

194 2105 413 2184 pertinentibus
445 2107 475 2165 in
512 2106 630 2184 triginta
670 2126 776 2168 novcrn

193 2208 329 2281 sommis,
344 2226 420 2283 quae
434 2218 604 2284 sequuntur
619 2227 626 2268 :

139 2332 169 2380 45
234 2308 278 2389 [t]
298 2309 445 2369 Thomaso
476 2310 575 2370 Fiesco
603 2311 711 2372 Iacobo
741 2311 778 2369 de

193 2410 334 2470 Chanarri
350 2412 437 2470 Petro
451 2412 593 2489 Spinutae
617 2433 657 2473 nn
683 2413 779 2472 anartii

194 2512 264 2572 anni
282 2512 398 2571 LXVlii
413 2513 598 2590 septuaginta
614 2526 679 2573 octo
702 2515 782 2572 mitte

194 2613 375 2691 septingenti
397 2613 614 2692 quinquaginta
629 2632 679 2673 sen
696 2632 782 2673 eoro-

196 2715 255 2773 nati
273 2713 375 2790 viginti
393 2712 511 2773 stuieri.
826 2713 926 2772 78796
941 2732 1001 2771 eor.
1017 2716 1057 2773 90
1071 2722 1106 2772 st.

142 2832 171 2880 so
235 2813 283 2895 [2]
304 2814 450 2893 Baptistae
484 2814 633 2874 Lametino
660 2834 697 2874 xa
730 2833 784 2874 no-

196 2914 327 2974 vembris
355 2914 488 2992 ejusdem
518 2916 589 2973 anni
620 2915 780 2993 nonaginta

161 3076 165 3081 ,
196 3014 256 3074 duo
272 3015 352 3074 mille
368 3015 492 3074 trecenti
514 3025 628 3093 septem
650 3014 783 3075 coronati

197 3117 300 3196 viginti
316 3128 431 3194 septem
446 3115 561 3176 statari.
828 3119 927 3178 9259?
942 3136 1002 3177 cor.
1018 3119 1057 3178 et
1072 3127 1107 3177 st.

235 3216 283 3299 [5]
302 3217 449 3277 Themaso
463 3219 595 3278 Ficscox
618 3218 785 3278 decembris

144 3336 173 3383 aa
197 3318 331 3397 ejusdem
348 3319 419 3377 anni
434 3318 584 3397 sexaginta
597 3337 691 3378 unum
706 3320 785 3377 miiic

197 3420 360 3498 octingenti
376 3421 536 3498 nonaginta
552 3429 681 3496 quatuor
695 3439 781 3479 eoro-
852 3404 853 3407 Ἴ

199 3522 260 3582 nati
275 3533 404 3599 quatuor
418 3520 532 3581 steteri.
826 3522 926 3581 61899
941 3541 999 3583 cor.
1016 3523 1087 3582 ist.

241 3621 282 3705 [t]
304 3623 406 3683 Eidem
447 3624 594 3701 Baptistae
634 3621 786 3682 Lomeiioo

200 3744 255 3805 per
265 3723 498 3803 chirographum
510 3724 618 3801 Regiae
631 3724 788 3783 Maiestatis

145 3846 176 3894 ao
200 3826 351 3906 sexaginta
365 3826 491 3886 mitiiam
503 3837 712 3886 coronatorum
723 3844 791 3903 sep·

202 3929 333 4008 tuaginta
356 3928 486 3988 duorum
507 3945 692 4006 grossorum,
712 3946 786 4005 quos

198 4032 286 4108 jubet
312 4029 369 4109 ipsi
396 4030 461 4090 dari
489 4030 525 4089 ad
553 4030 685 4090 rationes
714 4029 790 4106 ejus,
