3056 4856
767 483 895 581 (⁶0)

189 703 248 766 ntot
263 703 299 751 ut.
337 687 348 763 Ι
365 687 509 764 usquead
526 684 709 767 praedictum
726 704 783 746 ran
796 684 910 745 decem·

324 787 395 848 bris.
418 790 534 848 inclusa
556 786 753 848 arrhaboniea
783 789 907 866 pecunia

323 899 352 947 et
367 889 491 967 pecunia
513 888 549 947 ad
572 887 703 947 reditum
726 905 841 948 summa
866 896 909 947 to·

324 989 383 1049 tius
399 989 539 1067 stipendii
554 989 633 1048 iilius
647 989 702 1049 tuit
716 986 835 1068 triginta
849 988 908 1050 duo

325 1089 406 1149 mitte
427 1099 546 1150 eentum
570 1089 673 1168 viginti
696 1101 756 1150 tres
778 1092 909 1149 coronati

326 1194 446 1273 triginta
457 1192 574 1266 stuieri‚
585 1193 621 1252 ad
633 1193 718 1272 eujus
728 1193 907 1253 solutionem

328 1294 441 1373 aceepit
461 1293 499 1354 ab
520 1292 625 1355 eodem
650 1294 783 1354 solutore
808 1294 910 1373 viginti

330 1408 391 1457 tres
405 1395 485 1456 mille
500 1395 643 1456 ducentos
659 1396 819 1476 nonaginta
837 1417 911 1473 qna·

332 1510 401 1558 tuor
436 1507 592 1557 coronatos
629 1516 735 1558 norem
772 1499 912 1567 stnteros

332 1598 439 1678 reliqui
454 1611 520 1660 ueto
535 1599 615 1659 mille
628 1601 789 1680 octingenti
813 1601 915 1679 viginti

333 1719 440 1761 novem
455 1701 588 1762 coronati
600 1701 702 1780 viginti
715 1721 794 1762 unus
809 1701 914 1762 stuirri

333 1803 422 1864 soluti
434 1801 475 1864 ittt
487 1805 700 1875 suntBremae‚
717 1816 863 1882 utsupra.
961 1808 1060 1865 25294
1075 1824 1135 1867 eor.
1151 1805 1169 1868 9
1184 1819 1219 1867 st

374 1902 449 1963 Duoi
466 1905 620 1964 Franciseo
641 1905 679 1965 de
700 1905 773 1965 Saxa
797 1925 851 1984 pro
866 1906 917 1965 sti·

336 2005 444 2085 pendio
455 2015 570 2085 septem
586 2006 743 2078 mensium,
757 2025 833 2083 quos
846 2007 919 2067 miii·

337 2107 409 2168 tavit
430 2108 460 2167 in
483 2107 585 2169 eodem
601 2109 731 2169 exercitu
747 2127 814 2168 cum
832 2129 918 2189 prae·

337 2210 416 2269 dieto
450 2208 581 2288 equitatu
611 2228 627 2268 a
657 2227 706 2269 arv
738 2208 815 2287 junii
851 2212 921 2270 anni

340 2310 457 2370 trtvttt
476 2327 569 2388 usque
584 2308 621 2369 ad
636 2330 653 2370 rt
669 2309 836 2370 decembris
849 2312 924 2371 inse·

341 2414 459 2494 quentis
481 2414 596 2474 incluso
620 2414 708 2472 unius
735 2415 845 2472 mensis
873 2414 923 2472 sti·

341 2514 450 2597 pendio
471 2515 506 2574 ad
530 2515 659 2574 reditum
675 2514 796 2573 domum
815 2525 927 2574 trecen·

342 2618 378 2677 tis
393 2614 516 2677 florenis
531 2615 562 2676 in
577 2634 709 2675 mensem
728 2616 806 2675 mitio
822 2625 851 2674 et
862 2633 926 2692 sep·

342 2718 474 2798 tuaginta
495 2735 548 2776 sex
568 2718 702 2777 coronati
729 2717 848 2793 triginta
873 2734 923 2775 sex

341 2821 458 2880 stuieri.
974 2820 1050 2880 toto
1065 2837 1124 2879 eor.
1141 2822 1180 2880 aa
1196 2831 1231 2878 st·

385 2921 557 2981 Ritmaistro
584 2921 674 2979 Paulo
699 2919 852 2993 Vovisero,
875 2921 926 2997 qui

346 3021 450 3082 habuit
471 3020 644 3081 mandatum
665 3020 748 3081 dunis
769 3020 873 3080 Albani
892 3021 928 3079 ad

345 3120 577 3183 conscribendos
608 3122 687 3181 mitio
716 3122 839 3199 equites,
868 3123 930 3198 qui,

346 3243 414 3286 eum
438 3233 538 3305 postea
559 3242 619 3284 non
642 3235 743 3283 essent
764 3224 930 3294 necessarii,

347 3347 407 3389 non
425 3328 549 3388 suerunt
570 3325 683 3399 adsciti,
698 3326 757 3386 duo
772 3325 852 3385 mitte
872 3338 930 3386 tre·

348 3428 426 3489 uenti
434 3440 548 3508 septem
559 3426 693 3487 coronati
702 3426 804 3505 viginti
816 3435 930 3504 septem

348 3531 465 3603 stuferi‚
480 3531 530 3609 qui
550 3530 607 3590 ittts
627 3528 779 3589 distributi
799 3528 932 3599 fuerunt,

351 3642 383 3694 ut
397 3634 439 3694 eis
453 3630 611 3693 satisfieret
624 3649 659 3690 ex
675 3630 787 3708 nrajore
802 3628 934 3689 fortassis

350 3746 487 3814 sumptu,
516 3751 606 3811 quem
638 3733 804 3810 potuissent
828 3731 934 3791 obten-

352 3838 423 3898 dere
444 3837 584 3897 adversus
607 3831 726 3912 Regiam
746 3833 926 3893 Maiestatem
980 3833 1058 3893 ‘2507
1074 3850 1133 3903 eor.
1151 3831 1187 3890 at
1205 3832 1240 3889 st.
