3056 4856
651 451 777 546 (ts)

194 659 227 706 ut
240 648 352 707 dictum
369 656 425 721 est,
441 647 560 724 triginta
575 646 716 726 quattflucr
731 648 777 708 di-

194 748 319 826 pcndiis.
336 749 410 807 Nam
431 749 468 806 ita
485 747 609 807 fueruat
626 747 777 808 distributi

193 858 223 907 et
246 851 276 909 in
303 849 433 908 rationes
453 848 538 907 retati
563 860 593 907 et
608 848 691 924 juxta
715 850 776 908 dic·

194 961 253 1008 tam
269 959 406 1009 monetae
422 949 624 1007 reductionem
642 949 777 1026 praedic-

153 1053 168 1099 u
194 1061 239 1109 tae
265 1068 400 1109 summae
426 1047 590 1108 conficiunt
614 1062 780 1124 coronatos,
978 1126 980 1130 μ

195 1163 226 1210 ιιι
241 1151 271 1210 in
287 1151 372 1210 initia
386 1151 551 1210 dictumest
564 1149 614 1228 (t).
822 1153 1222 1226 transpadanam.

123 1316 133 1333 s
234 1254 384 1311 Ducentos
406 1252 599 1330 qnadraginta
617 1259 677 1310 tres
698 1251 777 1310 mitte

194 1367 222 1413 et
238 1354 416 1431 quingentos
431 1352 578 1430 octoginta
601 1370 708 1411 novem
729 1371 777 1411 eo·

195 1462 315 1511 renatas
336 1464 365 1512 et
387 1452 489 1529 viginti
516 1469 623 1511 novem
649 1451 779 1511 stuieros

141 1569 171 1616 tu
196 1572 250 1631 pru
283 1551 419 1613 ducentis
447 1562 477 1612 et
511 1555 641 1633 triginta·
664 1565 777 1629 septem

196 1654 274 1714 nriiie
289 1668 319 1714 et
332 1653 505 1733 quingentis
520 1655 668 1713 coronatis
683 1655 782 1713 aureis

194 1754 389 1833 qnadraginta
400 1754 582 1814 stusernrum
597 1754 627 1812 in
639 1753 780 1832 singutas,

194 1858 244 1931 qui
260 1855 393 1916 efficiunt
418 1856 650 1934 quadringentos
672 1856 779 1932 dipon-

194 1957 258 2018 dios
272 1959 391 2038 singuii.
408 1959 466 2018 Has
487 1958 599 2037 accepit
623 1958 651 2016 in
675 1976 778 2016 nume-

140 2071 169 2118 nr
195 2070 256 2119 rata
273 2061 409 2137 pecunia,
420 2059 686 2118 videlicetcentum
700 2067 780 2117 octu-

194 2161 290 2237 aginta
320 2169 433 2238 septem
464 2160 543 2219 mitte
575 2171 605 2219 rt
636 2159 782 2237 quingen·

195 2271 238 2321 tos
260 2260 461 2319 Barcimoniae
480 2280 515 2318 ex
539 2263 648 2318 inanne
669 2259 782 2319 Thurio

194 2362 340 2421 Guernica
355 2361 476 2419 numine
494 2361 635 2437 praedicti
651 2378 778 2438 praepo-

193 2463 241 2522 siti
271 2461 378 2521 aerarii
407 2482 416 2520 1
442 2462 509 2520 maii
540 2461 682 2538 praedicti
707 2462 778 2520 anni

140 2575 170 2624 tu
194 2564 361 2622 uutxvlt.
372 2562 592 2640 Quinquaginta
605 2581 677 2622 vero
691 2562 781 2632 mitte,

194 2664 423 2741 quisupersunt‚
433 2663 596 2722 Genuaeex
610 2662 779 2721 Baithasare

196 2765 345 2823 inruetinc
368 2782 422 2842 per
442 2763 675 2842 chirographum
698 2765 780 2822 Nico·

194 2867 230 2926 iai
253 2867 395 2927 Grimaidi
417 2878 447 2926 et
471 2867 618 2927 Laurentii
640 2865 781 2943 Spinutae

194 2987 223 3027 ιιι
239 2978 321 3026 etun
338 2968 470 3027 eiusdem
488 2967 597 3026 mensis
614 2966 693 3024 maii.
812 2968 884 3038 uta,
896 2967 954 3027 589
967 2985 1027 3028 cer.
1040 2968 1079 3029 29
1090 2980 1128 3030 st.

140 3077 170 3127 tt
234 3066 457 3140 Quatuormiile
468 3075 615 3126 trecentos
627 3075 657 3125 et
670 3083 777 3124 novem

194 3178 351 3227 coronatus
365 3176 395 3226 et
410 3165 530 3244 triginta
549 3165 626 3224 ducs
640 3164 781 3238 stuieros,

195 3285 270 3344 quus
298 3266 401 3326 habuit
426 3286 461 3326 ex
489 3276 626 3326 monetae
655 3265 782 3325 utilitate

196 3370 226 3429 in
250 3382 371 3429 centum
397 3370 501 3447 viginti
528 3369 608 3428 mitte
634 3369 782 3445 argenteis

237 3706 276 3775 (Ι)
298 3708 331 3758 ta
351 3723 453 3759 somme
474 3707 620 3774 marginata
641 3714 681 3757 est
709 3706 769 3774 pius
795 3707 897 3774 grande
923 3724 976 3777 que
1002 3712 1067 3763 cette
1095 3727 1147 3780 que
1174 3713 1229 3765 t'on

158 3808 188 3857 30
199 3802 363 3853 obticndratt
382 3817 430 3870 par
449 3801 589 3853 i'additicn
611 3801 658 3852 des
679 3808 766 3870 postes
787 3803 834 3870 qui
847 3810 909 3855 scut
926 3803 1044 3857 nummc's
1058 3822 1092 3858 au
1107 3814 1178 3860 texte
1191 3809 1229 3861 du

199 3895 319 3964 registrc.
340 3897 448 3949 cette-ci
469 3904 510 3948 cst
522 3897 584 3965 ptus
597 3895 679 3963 petite
694 3896 757 3948 d'uu
771 3896 835 3949 tiers
849 3914 902 3967 que
915 3898 1029 3953 celte-ti.
1046 3902 1081 3953 Le
1095 3905 1196 3973 copistc
1212 3921 1227 3958 a

199 3991 405 4060 probabtement
417 3989 510 4043 mutitd
525 3991 549 4042 te
562 3997 642 4043 texte.
