<?xml version="1.0" encoding="UTF-8"?>
<!DOCTYPE html PUBLIC "-//W3C//DTD XHTML 1.0 Transitional//EN"
    "http://www.w3.org/TR/xhtml1/DTD/xhtml1-transitional.dtd">
<html xmlns="http://www.w3.org/1999/xhtml" xml:lang="en" lang="en">
 <head>
  <title>
</title>
<meta http-equiv="Content-Type" content="text/html;charset=utf-8" />
  <meta name='ocr-system' content='tesseract 3.04.00' />
  <meta name='ocr-capabilities' content='ocr_page ocr_carea ocr_par ocr_line ocrx_word'/>
</head>
<body>
  <div class='ocr_page' id='page_1' title='image "./leregistredefra00rachgoog_0040.png"; bbox 0 0 3056 4856; ppageno 0'>
   <div class='ocr_carea' id='block_1_1' title="bbox 673 468 800 563">
    <p class='ocr_par' dir='ltr' id='par_1_1' title="bbox 673 468 800 563">
     <span class='ocr_line' id='line_1_1' title="bbox 673 468 800 563; baseline -0.008 0"><span class='ocrx_word' id='word_1_1' title='bbox 673 468 800 563; x_wconf 64' lang='grc' dir='ltr'><strong>(Ἡ)</strong></span> 
     </span>
    </p>
   </div>
   <div class='ocr_carea' id='block_1_2' title="bbox 125 666 1125 3366">
    <p class='ocr_par' dir='ltr' id='par_1_2' title="bbox 216 666 760 746">
     <span class='ocr_line' id='line_1_2' title="bbox 216 666 760 746; baseline -0.004 -19"><span class='ocrx_word' id='word_1_2' title='bbox 216 668 407 729; x_wconf 73' lang='lat' dir='ltr'><strong>Laurentium</strong></span> <span class='ocrx_word' id='word_1_3' title='bbox 422 666 577 746; x_wconf 79' lang='lat' dir='ltr'><strong>spinulam</strong></span> <span class='ocrx_word' id='word_1_4' title='bbox 589 678 618 726; x_wconf 90' lang='lat' dir='ltr'><strong>et</strong></span> <span class='ocrx_word' id='word_1_5' title='bbox 633 667 760 727; x_wconf 91' lang='lat' dir='ltr'><strong>alterum</strong></span> 
     </span>
    </p>

    <p class='ocr_par' dir='ltr' id='par_1_3' title="bbox 214 768 1108 946">
     <span class='ocr_line' id='line_1_3' title="bbox 214 768 761 847; baseline -0.004 -20"><span class='ocrx_word' id='word_1_6' title='bbox 214 770 285 829; x_wconf 87' lang='lat' dir='ltr'><strong>item</strong></span> <span class='ocrx_word' id='word_1_7' title='bbox 311 769 526 847; x_wconf 65' lang='lat' dir='ltr'><strong>quinquaginta</strong></span> <span class='ocrx_word' id='word_1_8' title='bbox 555 768 680 827; x_wconf 90' lang='lat' dir='ltr'><strong>millium</strong></span> <span class='ocrx_word' id='word_1_9' title='bbox 708 787 761 845; x_wconf 87' lang='lat' dir='ltr'><strong>per</strong></span> 
     </span>
     <span class='ocr_line' id='line_1_4' title="bbox 215 869 1108 946; baseline 0.002 -17"><span class='ocrx_word' id='word_1_10' title='bbox 215 871 443 930; x_wconf 83' lang='lat' dir='ltr'><strong>Constantinum</strong></span> <span class='ocrx_word' id='word_1_11' title='bbox 461 869 608 929; x_wconf 81' lang='lat' dir='ltr'><strong>Gentilem</strong></span> <span class='ocrx_word' id='word_1_12' title='bbox 626 870 676 946; x_wconf 79' lang='lat' dir='ltr'><strong>(l).</strong></span> <span class='ocrx_word' id='word_1_13' title='bbox 808 870 928 929; x_wconf 71' lang='grc'>100500</span> <span class='ocrx_word' id='word_1_14' title='bbox 943 890 1003 930; x_wconf 89' lang='lat' dir='ltr'><strong>cor.</strong></span> <span class='ocrx_word' id='word_1_15' title='bbox 1020 875 1058 931; x_wconf 69' lang='grc'><strong>00</strong></span> <span class='ocrx_word' id='word_1_16' title='bbox 1073 885 1108 931; x_wconf 92' lang='lat' dir='ltr'><strong>st.</strong></span> 
     </span>
    </p>

    <p class='ocr_par' dir='ltr' id='par_1_4' title="bbox 257 969 758 1046">
     <span class='ocr_line' id='line_1_5' title="bbox 257 969 758 1046; baseline -0.002 -17"><span class='ocrx_word' id='word_1_17' title='bbox 257 972 355 1029; x_wconf 91' lang='lat' dir='ltr'><strong>Unum</strong></span> <span class='ocrx_word' id='word_1_18' title='bbox 370 969 535 1029; x_wconf 88' lang='lat' dir='ltr'><strong>millioncm</strong></span> <span class='ocrx_word' id='word_1_19' title='bbox 549 970 617 1046; x_wconf 81' lang='lat' dir='ltr'><strong>(huc</strong></span> <span class='ocrx_word' id='word_1_20' title='bbox 637 978 691 1042; x_wconf 87' lang='lat' dir='ltr'><strong>est,</strong></span> <span class='ocrx_word' id='word_1_21' title='bbox 707 969 758 1029; x_wconf 92' lang='lat' dir='ltr'><strong>de-</strong></span> 
     </span>
    </p>

    <p class='ocr_par' dir='ltr' id='par_1_5' title="bbox 160 1070 759 1148">
     <span class='ocr_line' id='line_1_6' title="bbox 160 1070 759 1148; baseline -0.002 -19"><span class='ocrx_word' id='word_1_22' title='bbox 160 1084 175 1130; x_wconf 80' lang='lat' dir='ltr'><strong>t</strong></span> <span class='ocrx_word' id='word_1_23' title='bbox 213 1072 271 1130; x_wconf 87' lang='lat' dir='ltr'><strong>cies</strong></span> <span class='ocrx_word' id='word_1_24' title='bbox 285 1081 410 1130; x_wconf 84' lang='lat' dir='ltr'><strong>centena</strong></span> <span class='ocrx_word' id='word_1_25' title='bbox 422 1070 525 1147; x_wconf 86' lang='lat' dir='ltr'><strong>millia)</strong></span> <span class='ocrx_word' id='word_1_26' title='bbox 545 1081 574 1128; x_wconf 92' lang='lat' dir='ltr'><strong>ct</strong></span> <span class='ocrx_word' id='word_1_27' title='bbox 597 1081 759 1148; x_wconf 83' lang='lat' dir='ltr'><strong>nongentas</strong></span> 
     </span>
    </p>

    <p class='ocr_par' dir='ltr' id='par_1_6' title="bbox 215 1171 762 1246">
     <span class='ocr_line' id='line_1_7' title="bbox 215 1171 762 1246; baseline -0.002 -16"><span class='ocrx_word' id='word_1_28' title='bbox 215 1171 356 1230; x_wconf 78' lang='lat' dir='ltr'><strong>tredecim</strong></span> <span class='ocrx_word' id='word_1_29' title='bbox 383 1171 463 1229; x_wconf 92' lang='lat' dir='ltr'><strong>mille</strong></span> <span class='ocrx_word' id='word_1_30' title='bbox 491 1178 645 1229; x_wconf 83' lang='lat' dir='ltr'><strong>sexcentos</strong></span> <span class='ocrx_word' id='word_1_31' title='bbox 676 1171 762 1246; x_wconf 89' lang='lat' dir='ltr'><strong>quin·</strong></span> 
     </span>
    </p>

    <p class='ocr_par' dir='ltr' id='par_1_7' title="bbox 215 1271 760 1350">
     <span class='ocr_line' id='line_1_8' title="bbox 215 1271 760 1350; baseline -0.004 -19"><span class='ocrx_word' id='word_1_32' title='bbox 215 1273 353 1350; x_wconf 77' lang='lat' dir='ltr'><strong>quaginta</strong></span> <span class='ocrx_word' id='word_1_33' title='bbox 370 1281 435 1330; x_wconf 87' lang='lat' dir='ltr'><strong>oete</strong></span> <span class='ocrx_word' id='word_1_34' title='bbox 447 1279 602 1330; x_wconf 88' lang='lat' dir='ltr'><strong>coronatos</strong></span> <span class='ocrx_word' id='word_1_35' title='bbox 614 1280 643 1330; x_wconf 90' lang='lat' dir='ltr'><strong>et</strong></span> <span class='ocrx_word' id='word_1_36' title='bbox 656 1271 760 1347; x_wconf 82' lang='lat' dir='ltr'><strong>trigin-</strong></span> 
     </span>
    </p>

    <p class='ocr_par' dir='ltr' id='par_1_8' title="bbox 216 1372 761 1450">
     <span class='ocr_line' id='line_1_9' title="bbox 216 1372 761 1450; baseline -0.004 -19"><span class='ocrx_word' id='word_1_37' title='bbox 216 1383 243 1431; x_wconf 91' lang='lat' dir='ltr'><strong>ta</strong></span> <span class='ocrx_word' id='word_1_38' title='bbox 263 1383 328 1434; x_wconf 86' lang='lat' dir='ltr'><strong>0cto</strong></span> <span class='ocrx_word' id='word_1_39' title='bbox 345 1372 486 1446; x_wconf 86' lang='lat' dir='ltr'><strong>stuleros‚</strong></span> <span class='ocrx_word' id='word_1_40' title='bbox 501 1390 575 1450; x_wconf 91' lang='lat' dir='ltr'><strong>quos</strong></span> <span class='ocrx_word' id='word_1_41' title='bbox 590 1390 645 1450; x_wconf 86' lang='lat' dir='ltr'><strong>per</strong></span> <span class='ocrx_word' id='word_1_42' title='bbox 663 1372 761 1430; x_wconf 90' lang='lat' dir='ltr'><strong>literas</strong></span> 
     </span>
    </p>

    <p class='ocr_par' dir='ltr' id='par_1_9' title="bbox 214 1470 760 1551">
     <span class='ocr_line' id='line_1_10' title="bbox 214 1470 760 1551; baseline -0.005 -18"><span class='ocrx_word' id='word_1_43' title='bbox 214 1474 297 1533; x_wconf 89' lang='lat' dir='ltr'><strong>ducis</strong></span> <span class='ocrx_word' id='word_1_44' title='bbox 316 1472 421 1533; x_wconf 78' lang='lat' dir='ltr'><strong>Albani</strong></span> <span class='ocrx_word' id='word_1_45' title='bbox 436 1472 549 1551; x_wconf 88' lang='lat' dir='ltr'><strong>accepit</strong></span> <span class='ocrx_word' id='word_1_46' title='bbox 563 1491 598 1531; x_wconf 84' lang='lat' dir='ltr'><strong>ex</strong></span> <span class='ocrx_word' id='word_1_47' title='bbox 615 1470 760 1551; x_wconf 86' lang='lat' dir='ltr'><strong>Hierony·</strong></span> 
     </span>
    </p>

    <p class='ocr_par' dir='ltr' id='par_1_10' title="bbox 160 1573 758 1635">
     <span class='ocr_line' id='line_1_11' title="bbox 160 1573 758 1635; baseline -0.007 0"><span class='ocrx_word' id='word_1_48' title='bbox 160 1589 190 1635; x_wconf 84' lang='lat' dir='ltr'><strong>to</strong></span> <span class='ocrx_word' id='word_1_49' title='bbox 216 1593 264 1634; x_wconf 88' lang='lat' dir='ltr'><strong>mo</strong></span> <span class='ocrx_word' id='word_1_50' title='bbox 284 1574 402 1635; x_wconf 88' lang='lat' dir='ltr'><strong>Curiele</strong></span> <span class='ocrx_word' id='word_1_51' title='bbox 417 1575 448 1633; x_wconf 89' lang='lat' dir='ltr'><strong>in</strong></span> <span class='ocrx_word' id='word_1_52' title='bbox 465 1573 588 1634; x_wconf 86' lang='lat' dir='ltr'><strong>diversis</strong></span> <span class='ocrx_word' id='word_1_53' title='bbox 602 1574 728 1632; x_wconf 88' lang='lat' dir='ltr'><strong>summis</strong></span> <span class='ocrx_word' id='word_1_54' title='bbox 744 1593 758 1631; x_wconf 84' lang='lat' dir='ltr'><strong>a</strong></span> 
     </span>
    </p>

    <p class='ocr_par' dir='ltr' id='par_1_11' title="bbox 214 1674 758 1735">
     <span class='ocr_line' id='line_1_12' title="bbox 214 1674 758 1735; baseline -0.004 -1"><span class='ocrx_word' id='word_1_55' title='bbox 214 1694 271 1734; x_wconf 74' lang='grc'><strong>000</strong></span> <span class='ocrx_word' id='word_1_56' title='bbox 298 1674 441 1735; x_wconf 84' lang='lat' dir='ltr'><strong>februarii</strong></span> <span class='ocrx_word' id='word_1_57' title='bbox 466 1675 537 1734; x_wconf 93' lang='lat' dir='ltr'><strong>anni</strong></span> <span class='ocrx_word' id='word_1_58' title='bbox 562 1675 758 1734; x_wconf 87' lang='lat' dir='ltr'><strong>lll.D.LXVlll</strong></span> 
     </span>
    </p>

    <p class='ocr_par' dir='ltr' id='par_1_12' title="bbox 214 1774 1125 1936">
     <span class='ocr_line' id='line_1_13' title="bbox 215 1774 762 1853; baseline -0.005 -18"><span class='ocrx_word' id='word_1_59' title='bbox 215 1775 360 1853; x_wconf 90' lang='lat' dir='ltr'><strong>usquead</strong></span> <span class='ocrx_word' id='word_1_60' title='bbox 376 1774 466 1834; x_wconf 87' lang='lat' dir='ltr'><strong>linem</strong></span> <span class='ocrx_word' id='word_1_61' title='bbox 479 1776 558 1851; x_wconf 89' lang='lat' dir='ltr'><strong>junii</strong></span> <span class='ocrx_word' id='word_1_62' title='bbox 576 1775 762 1852; x_wconf 88' lang='lat' dir='ltr'><strong>insequentis</strong></span> 
     </span>
     <span class='ocr_line' id='line_1_14' title="bbox 214 1876 1125 1936; baseline -0.004 0"><span class='ocrx_word' id='word_1_63' title='bbox 214 1879 285 1936; x_wconf 81' lang='lat' dir='ltr'><strong>antri</strong></span> <span class='ocrx_word' id='word_1_64' title='bbox 300 1878 400 1935; x_wconf 88' lang='lat' dir='ltr'><strong>LXlX.</strong></span> <span class='ocrx_word' id='word_1_65' title='bbox 806 1877 1020 1936; x_wconf 70' lang='lat' dir='ltr'><strong>tumetceu.</strong></span> <span class='ocrx_word' id='word_1_66' title='bbox 1037 1876 1074 1935; x_wconf 82' lang='lat'><strong>58</strong></span> <span class='ocrx_word' id='word_1_67' title='bbox 1090 1886 1125 1934; x_wconf 85' lang='lat' dir='ltr'><strong>st.</strong></span> 
     </span>
    </p>

    <p class='ocr_par' dir='ltr' id='par_1_13' title="bbox 253 1977 759 2055">
     <span class='ocr_line' id='line_1_15' title="bbox 253 1977 759 2055; baseline -0.006 -17"><span class='ocrx_word' id='word_1_68' title='bbox 253 1979 389 2052; x_wconf 86' lang='lat' dir='ltr'><strong>Quatuor</strong></span> <span class='ocrx_word' id='word_1_69' title='bbox 401 1977 483 2036; x_wconf 86' lang='lat' dir='ltr'><strong>mille</strong></span> <span class='ocrx_word' id='word_1_70' title='bbox 500 1977 688 2055; x_wconf 82' lang='lat' dir='ltr'><strong>octingentos</strong></span> <span class='ocrx_word' id='word_1_71' title='bbox 704 1995 759 2035; x_wconf 88' lang='grc'><strong>00-</strong></span> 
     </span>
    </p>

    <p class='ocr_par' dir='ltr' id='par_1_14' title="bbox 161 2076 761 2159">
     <span class='ocr_line' id='line_1_16' title="bbox 161 2076 761 2159; baseline -0.012 -17"><span class='ocrx_word' id='word_1_72' title='bbox 161 2096 190 2142; x_wconf 80' lang='grc'><strong>10</strong></span> <span class='ocrx_word' id='word_1_73' title='bbox 215 2080 333 2159; x_wconf 78' lang='lat' dir='ltr'><strong>naginta</strong></span> <span class='ocrx_word' id='word_1_74' title='bbox 354 2076 556 2153; x_wconf 80' lang='lat' dir='ltr'><strong>coronatosllet</strong></span> <span class='ocrx_word' id='word_1_75' title='bbox 573 2077 676 2136; x_wconf 87' lang='lat' dir='ltr'><strong>decem</strong></span> <span class='ocrx_word' id='word_1_76' title='bbox 696 2088 761 2136; x_wconf 88' lang='lat' dir='ltr'><strong>stu-</strong></span> 
     </span>
    </p>

    <p class='ocr_par' dir='ltr' id='par_1_15' title="bbox 214 2177 760 2254">
     <span class='ocr_line' id='line_1_17' title="bbox 214 2177 760 2254; baseline -0.005 -15"><span class='ocrx_word' id='word_1_77' title='bbox 214 2180 293 2239; x_wconf 79' lang='grc'>10000</span> <span class='ocrx_word' id='word_1_78' title='bbox 304 2192 334 2239; x_wconf 88' lang='lat' dir='ltr'><strong>ct</strong></span> <span class='ocrx_word' id='word_1_79' title='bbox 344 2190 411 2238; x_wconf 87' lang='lat' dir='ltr'><strong>octo</strong></span> <span class='ocrx_word' id='word_1_80' title='bbox 422 2178 534 2251; x_wconf 87' lang='lat' dir='ltr'><strong>ebolus,</strong></span> <span class='ocrx_word' id='word_1_81' title='bbox 548 2196 622 2254; x_wconf 90' lang='lat' dir='ltr'><strong>quos</strong></span> <span class='ocrx_word' id='word_1_82' title='bbox 637 2177 760 2236; x_wconf 85' lang='lat' dir='ltr'><strong>deduxit</strong></span> 
     </span>
    </p>

    <p class='ocr_par' dir='ltr' id='par_1_16' title="bbox 214 2280 763 2360">
     <span class='ocr_line' id='line_1_18' title="bbox 214 2280 763 2360; baseline -0.004 -20"><span class='ocrx_word' id='word_1_83' title='bbox 214 2300 249 2340; x_wconf 83' lang='lat' dir='ltr'><strong>ex</strong></span> <span class='ocrx_word' id='word_1_84' title='bbox 264 2281 412 2360; x_wconf 85' lang='lat' dir='ltr'><strong>stipendio</strong></span> <span class='ocrx_word' id='word_1_85' title='bbox 427 2281 562 2356; x_wconf 89' lang='lat' dir='ltr'><strong>equitnm</strong></span> <span class='ocrx_word' id='word_1_86' title='bbox 579 2280 698 2338; x_wconf 85' lang='lat' dir='ltr'><strong>levioris</strong></span> <span class='ocrx_word' id='word_1_87' title='bbox 718 2299 763 2338; x_wconf 87' lang='lat' dir='ltr'><strong>ur·</strong></span> 
     </span>
    </p>

    <p class='ocr_par' dir='ltr' id='par_1_17' title="bbox 214 2382 761 2459">
     <span class='ocr_line' id='line_1_19' title="bbox 214 2382 761 2459; baseline -0.004 -18"><span class='ocrx_word' id='word_1_88' title='bbox 214 2382 761 2459; x_wconf 84' lang='lat' dir='ltr'><strong>maturaejusannacstnrumetcum·</strong></span> 
     </span>
    </p>

    <p class='ocr_par' dir='ltr' id='par_1_18' title="bbox 125 2467 757 2543">
     <span class='ocr_line' id='line_1_20' title="bbox 125 2467 757 2543; baseline -0.006 0"><span class='ocrx_word' id='word_1_89' title='bbox 125 2467 128 2473; x_wconf 38' lang='lat'>⁵</span> <span class='ocrx_word' id='word_1_90' title='bbox 214 2484 417 2543; x_wconf 84' lang='lat' dir='ltr'><strong>missariorum</strong></span> <span class='ocrx_word' id='word_1_91' title='bbox 446 2479 580 2540; x_wconf 87' lang='lat' dir='ltr'><strong>eiusdem</strong></span> <span class='ocrx_word' id='word_1_92' title='bbox 609 2482 757 2540; x_wconf 84' lang='lat' dir='ltr'><strong>exercitus</strong></span> 
     </span>
    </p>

    <p class='ocr_par' dir='ltr' id='par_1_19' title="bbox 158 2584 760 2662">
     <span class='ocr_line' id='line_1_21' title="bbox 158 2584 760 2662; baseline -0.008 -16"><span class='ocrx_word' id='word_1_93' title='bbox 158 2604 188 2652; x_wconf 76' lang='lat' dir='ltr'><strong>ac</strong></span> <span class='ocrx_word' id='word_1_94' title='bbox 213 2604 268 2662; x_wconf 86' lang='lat' dir='ltr'><strong>pro</strong></span> <span class='ocrx_word' id='word_1_95' title='bbox 283 2604 317 2645; x_wconf 88' lang='lat' dir='ltr'><strong>ec</strong></span> <span class='ocrx_word' id='word_1_96' title='bbox 332 2584 412 2661; x_wconf 92' lang='lat' dir='ltr'><strong>quod</strong></span> <span class='ocrx_word' id='word_1_97' title='bbox 424 2585 486 2661; x_wconf 88' lang='lat' dir='ltr'><strong>jam</strong></span> <span class='ocrx_word' id='word_1_98' title='bbox 501 2593 672 2662; x_wconf 78' lang='lat' dir='ltr'><strong>acceperant</strong></span> <span class='ocrx_word' id='word_1_99' title='bbox 697 2586 760 2642; x_wconf 89' lang='lat' dir='ltr'><strong>lle-</strong></span> 
     </span>
    </p>

    <p class='ocr_par' dir='ltr' id='par_1_20' title="bbox 213 2681 758 2762">
     <span class='ocr_line' id='line_1_22' title="bbox 213 2681 758 2762; baseline -0.006 -17"><span class='ocrx_word' id='word_1_100' title='bbox 213 2681 323 2747; x_wconf 84' lang='lat' dir='ltr'><strong>dlulaini</strong></span> <span class='ocrx_word' id='word_1_101' title='bbox 341 2705 356 2744; x_wconf 90' lang='lat' dir='ltr'><strong>a</strong></span> <span class='ocrx_word' id='word_1_102' title='bbox 380 2684 531 2762; x_wconf 88' lang='lat' dir='ltr'><strong>praedicto</strong></span> <span class='ocrx_word' id='word_1_103' title='bbox 546 2685 653 2743; x_wconf 87' lang='lat' dir='ltr'><strong>aerarii</strong></span> <span class='ocrx_word' id='word_1_104' title='bbox 669 2702 758 2760; x_wconf 89' lang='lat' dir='ltr'><strong>prae-</strong></span> 
     </span>
    </p>

    <p class='ocr_par' dir='ltr' id='par_1_21' title="bbox 213 2784 757 2865">
     <span class='ocr_line' id='line_1_23' title="bbox 213 2784 757 2865; baseline -0.009 -18"><span class='ocrx_word' id='word_1_105' title='bbox 213 2789 309 2865; x_wconf 88' lang='lat' dir='ltr'><strong>posito</strong></span> <span class='ocrx_word' id='word_1_106' title='bbox 324 2787 441 2846; x_wconf 87' lang='lat' dir='ltr'><strong>Nicolae</strong></span> <span class='ocrx_word' id='word_1_107' title='bbox 459 2785 511 2844; x_wconf 87' lang='lat' dir='ltr'><strong>Cid</strong></span> <span class='ocrx_word' id='word_1_108' title='bbox 526 2785 563 2843; x_wconf 91' lang='lat' dir='ltr'><strong>ad</strong></span> <span class='ocrx_word' id='word_1_109' title='bbox 578 2784 757 2861; x_wconf 82' lang='lat' dir='ltr'><strong>colligendas</strong></span> 
     </span>
    </p>

    <p class='ocr_par' dir='ltr' id='par_1_22' title="bbox 211 2888 756 2966">
     <span class='ocr_line' id='line_1_24' title="bbox 211 2888 756 2966; baseline -0.011 -16"><span class='ocrx_word' id='word_1_110' title='bbox 211 2910 279 2950; x_wconf 88' lang='lat' dir='ltr'><strong>suas</strong></span> <span class='ocrx_word' id='word_1_111' title='bbox 305 2889 440 2966; x_wconf 88' lang='lat' dir='ltr'><strong>equitum</strong></span> <span class='ocrx_word' id='word_1_112' title='bbox 468 2899 582 2947; x_wconf 87' lang='lat' dir='ltr'><strong>turmas</strong></span> <span class='ocrx_word' id='word_1_113' title='bbox 607 2898 637 2946; x_wconf 90' lang='lat' dir='ltr'><strong>et</strong></span> <span class='ocrx_word' id='word_1_114' title='bbox 665 2888 756 2946; x_wconf 89' lang='lat' dir='ltr'><strong>armis</strong></span> 
     </span>
    </p>

    <p class='ocr_par' dir='ltr' id='par_1_23' title="bbox 213 2988 758 3064">
     <span class='ocr_line' id='line_1_25' title="bbox 213 2988 758 3064; baseline -0.009 -15"><span class='ocrx_word' id='word_1_115' title='bbox 213 2989 402 3049; x_wconf 88' lang='lat' dir='ltr'><strong>instruendas</strong></span> <span class='ocrx_word' id='word_1_116' title='bbox 417 2988 539 3048; x_wconf 84' lang='lat' dir='ltr'><strong>inclusis</strong></span> <span class='ocrx_word' id='word_1_117' title='bbox 554 3005 675 3064; x_wconf 93' lang='grc'>000000</span> <span class='ocrx_word' id='word_1_118' title='bbox 690 3006 758 3046; x_wconf 82' lang='lat' dir='ltr'><strong>sex-</strong></span> 
     </span>
    </p>

    <p class='ocr_par' dir='ltr' id='par_1_24' title="bbox 160 3087 759 3152">
     <span class='ocr_line' id='line_1_26' title="bbox 160 3087 759 3152; baseline -0.008 -2"><span class='ocrx_word' id='word_1_119' title='bbox 160 3107 189 3152; x_wconf 78' lang='lat' dir='ltr'><strong>aa</strong></span> <span class='ocrx_word' id='word_1_120' title='bbox 213 3090 307 3149; x_wconf 86' lang='lat' dir='ltr'><strong>centis</strong></span> <span class='ocrx_word' id='word_1_121' title='bbox 321 3101 350 3149; x_wconf 92' lang='lat' dir='ltr'><strong>et</strong></span> <span class='ocrx_word' id='word_1_122' title='bbox 365 3089 481 3148; x_wconf 90' lang='lat' dir='ltr'><strong>duobus</strong></span> <span class='ocrx_word' id='word_1_123' title='bbox 500 3087 648 3146; x_wconf 85' lang='lat' dir='ltr'><strong>coronatis</strong></span> <span class='ocrx_word' id='word_1_124' title='bbox 663 3099 693 3146; x_wconf 91' lang='lat' dir='ltr'><strong>ct</strong></span> <span class='ocrx_word' id='word_1_125' title='bbox 717 3088 759 3145; x_wconf 91' lang='lat' dir='ltr'><strong>vi-</strong></span> 
     </span>
    </p>

    <p class='ocr_par' dir='ltr' id='par_1_25' title="bbox 213 3188 761 3270">
     <span class='ocr_line' id='line_1_27' title="bbox 213 3188 761 3270; baseline -0.007 -20"><span class='ocrx_word' id='word_1_126' title='bbox 213 3192 287 3270; x_wconf 78' lang='lat' dir='ltr'><strong>ginti</strong></span> <span class='ocrx_word' id='word_1_127' title='bbox 308 3202 423 3269; x_wconf 85' lang='lat' dir='ltr'><strong>septem</strong></span> <span class='ocrx_word' id='word_1_128' title='bbox 445 3189 576 3261; x_wconf 88' lang='lat' dir='ltr'><strong>stuleris‚</strong></span> <span class='ocrx_word' id='word_1_129' title='bbox 593 3205 668 3264; x_wconf 89' lang='lat' dir='ltr'><strong>quos</strong></span> <span class='ocrx_word' id='word_1_130' title='bbox 692 3188 761 3247; x_wconf 89' lang='lat' dir='ltr'><strong>itcm</strong></span> 
     </span>
    </p>

    <p class='ocr_par' dir='ltr' id='par_1_26' title="bbox 214 3288 759 3366">
     <span class='ocr_line' id='line_1_28' title="bbox 214 3288 759 3366; baseline -0.009 -14"><span class='ocrx_word' id='word_1_131' title='bbox 214 3292 337 3352; x_wconf 86' lang='lat' dir='ltr'><strong>deduxit</strong></span> <span class='ocrx_word' id='word_1_132' title='bbox 357 3290 511 3351; x_wconf 87' lang='lat' dir='ltr'><strong>Germanis</strong></span> <span class='ocrx_word' id='word_1_133' title='bbox 533 3288 683 3365; x_wconf 90' lang='lat' dir='ltr'><strong>equitibus</strong></span> <span class='ocrx_word' id='word_1_134' title='bbox 706 3307 759 3366; x_wconf 87' lang='lat' dir='ltr'><strong>pro</strong></span> 
     </span>
    </p>
   </div>
   <div class='ocr_carea' id='block_1_3' title="bbox 160 3634 1245 4178">
    <p class='ocr_par' dir='ltr' id='par_1_27' title="bbox 160 3634 1245 4085">
     <span class='ocr_line' id='line_1_29' title="bbox 250 3634 1244 3704; baseline -0.003 -15"><span class='ocrx_word' id='word_1_135' title='bbox 250 3637 292 3704; x_wconf 78' lang='lat' dir='ltr'><strong>(l)</strong></span> <span class='ocrx_word' id='word_1_136' title='bbox 314 3634 437 3697; x_wconf 71' lang='lat'><em>400,320</em></span> <span class='ocrx_word' id='word_1_137' title='bbox 461 3653 513 3687; x_wconf 87' lang='lat' dir='ltr'><strong>cor.</strong></span> <span class='ocrx_word' id='word_1_138' title='bbox 537 3636 580 3701; x_wconf 81' lang='lat' dir='ltr'><strong>(dc</strong></span> <span class='ocrx_word' id='word_1_139' title='bbox 605 3635 641 3685; x_wconf 75' lang='lat'><strong>59</strong></span> <span class='ocrx_word' id='word_1_140' title='bbox 667 3637 743 3702; x_wconf 74' lang='lat' dir='ltr'><strong>stus.)</strong></span> <span class='ocrx_word' id='word_1_141' title='bbox 763 3634 838 3688; x_wconf 84' lang='lat'><strong>÷20</strong></span> <span class='ocrx_word' id='word_1_142' title='bbox 862 3635 928 3699; x_wconf 74' lang='lat' dir='ltr'><strong>stuf.</strong></span> <span class='ocrx_word' id='word_1_143' title='bbox 956 3636 1046 3686; x_wconf 89' lang='lat' dir='ltr'><strong>valeut</strong></span> <span class='ocrx_word' id='word_1_144' title='bbox 1074 3641 1168 3686; x_wconf 87' lang='lat' dir='ltr'><strong>autaut</strong></span> <span class='ocrx_word' id='word_1_145' title='bbox 1192 3650 1244 3700; x_wconf 92' lang='lat' dir='ltr'><strong>quc</strong></span> 
     </span>
     <span class='ocr_line' id='line_1_30' title="bbox 213 3727 1244 3799; baseline 0 -17"><span class='ocrx_word' id='word_1_146' title='bbox 213 3727 449 3798; x_wconf 59' lang='grc'>0701000000</span> <span class='ocrx_word' id='word_1_147' title='bbox 469 3730 505 3780; x_wconf 82' lang='grc'><strong>10</strong></span> <span class='ocrx_word' id='word_1_148' title='bbox 518 3732 605 3796; x_wconf 68' lang='lat' dir='ltr'><strong>elafii.</strong></span> <span class='ocrx_word' id='word_1_149' title='bbox 620 3729 741 3799; x_wconf 80' lang='lat' dir='ltr'><strong>Suppese</strong></span> <span class='ocrx_word' id='word_1_150' title='bbox 761 3745 814 3799; x_wconf 90' lang='lat' dir='ltr'><strong>que</strong></span> <span class='ocrx_word' id='word_1_151' title='bbox 836 3730 860 3782; x_wconf 86' lang='lat' dir='ltr'><strong>la</strong></span> <span class='ocrx_word' id='word_1_152' title='bbox 879 3745 980 3782; x_wconf 84' lang='lat' dir='ltr'><strong>semme</strong></span> <span class='ocrx_word' id='word_1_153' title='bbox 999 3730 1145 3798; x_wconf 79' lang='lat' dir='ltr'><strong>marginale</strong></span> <span class='ocrx_word' id='word_1_154' title='bbox 1163 3730 1244 3782; x_wconf 85' lang='lat' dir='ltr'><strong>vaille</strong></span> 
     </span>
     <span class='ocr_line' id='line_1_31' title="bbox 160 3822 1244 3894; baseline 0.002 -19"><span class='ocrx_word' id='word_1_155' title='bbox 160 3828 189 3875; x_wconf 83' lang='grc'><strong>30</strong></span> <span class='ocrx_word' id='word_1_156' title='bbox 213 3834 307 3880; x_wconf 86' lang='lat' dir='ltr'><strong>autaut</strong></span> <span class='ocrx_word' id='word_1_157' title='bbox 321 3841 372 3894; x_wconf 91' lang='lat' dir='ltr'><strong>que</strong></span> <span class='ocrx_word' id='word_1_158' title='bbox 384 3826 421 3877; x_wconf 87' lang='lat' dir='ltr'><strong>les</strong></span> <span class='ocrx_word' id='word_1_159' title='bbox 436 3822 557 3890; x_wconf 75' lang='grc'>100000</span> <span class='ocrx_word' id='word_1_160' title='bbox 569 3825 663 3878; x_wconf 86' lang='lat' dir='ltr'><strong>ducats</strong></span> <span class='ocrx_word' id='word_1_161' title='bbox 676 3826 713 3876; x_wconf 92' lang='lat' dir='ltr'><strong>du</strong></span> <span class='ocrx_word' id='word_1_162' title='bbox 724 3831 805 3885; x_wconf 81' lang='lat' dir='ltr'><strong>texte,</strong></span> <span class='ocrx_word' id='word_1_163' title='bbox 817 3823 836 3876; x_wconf 91' lang='lat' dir='ltr'><strong>il</strong></span> <span class='ocrx_word' id='word_1_164' title='bbox 849 3823 965 3878; x_wconf 83' lang='lat' dir='ltr'><strong>faudrait</strong></span> <span class='ocrx_word' id='word_1_165' title='bbox 974 3825 1244 3893; x_wconf 81' lang='lat' dir='ltr'><strong>qu&#39;uncnronatustlu</strong></span> 
     </span>
     <span class='ocr_line' id='line_1_32' title="bbox 215 3919 1245 3989; baseline 0 -16"><span class='ocrx_word' id='word_1_166' title='bbox 215 3928 287 3973; x_wconf 85' lang='lat' dir='ltr'><strong>texte</strong></span> <span class='ocrx_word' id='word_1_167' title='bbox 302 3922 382 3973; x_wconf 87' lang='lat' dir='ltr'><strong>vaille</strong></span> <span class='ocrx_word' id='word_1_168' title='bbox 401 3927 496 3973; x_wconf 87' lang='lat' dir='ltr'><strong>autaut</strong></span> <span class='ocrx_word' id='word_1_169' title='bbox 509 3919 647 3989; x_wconf 73' lang='lat' dir='ltr'><strong>que59¹l⁸</strong></span> <span class='ocrx_word' id='word_1_170' title='bbox 666 3921 731 3986; x_wconf 80' lang='lat' dir='ltr'><strong>ctus.</strong></span> <span class='ocrx_word' id='word_1_171' title='bbox 749 3921 914 3989; x_wconf 87' lang='lat' dir='ltr'><strong>Cepcndant,</strong></span> <span class='ocrx_word' id='word_1_172' title='bbox 933 3922 970 3973; x_wconf 91' lang='lat' dir='ltr'><strong>les</strong></span> <span class='ocrx_word' id='word_1_173' title='bbox 993 3920 1152 3974; x_wconf 83' lang='lat' dir='ltr'><strong>diffe‘rcnecs</strong></span> <span class='ocrx_word' id='word_1_174' title='bbox 1172 3938 1245 3974; x_wconf 88' lang='lat' dir='ltr'><strong>men·</strong></span> 
     </span>
     <span class='ocr_line' id='line_1_33' title="bbox 216 4013 1245 4085; baseline 0 -17"><span class='ocrx_word' id='word_1_175' title='bbox 216 4013 336 4068; x_wconf 88' lang='lat' dir='ltr'><strong>tionne&#39;es</strong></span> <span class='ocrx_word' id='word_1_176' title='bbox 345 4016 412 4068; x_wconf 88' lang='lat' dir='ltr'><strong>dans</strong></span> <span class='ocrx_word' id='word_1_177' title='bbox 421 4016 459 4067; x_wconf 90' lang='lat' dir='ltr'><strong>les</strong></span> <span class='ocrx_word' id='word_1_178' title='bbox 469 4021 546 4067; x_wconf 89' lang='lat' dir='ltr'><strong>notes</strong></span> <span class='ocrx_word' id='word_1_179' title='bbox 556 4013 729 4085; x_wconf 73' lang='lat' dir='ltr'><strong>precedentes</strong></span> <span class='ocrx_word' id='word_1_180' title='bbox 741 4031 775 4067; x_wconf 86' lang='lat' dir='ltr'><strong>nc</strong></span> <span class='ocrx_word' id='word_1_181' title='bbox 785 4016 966 4084; x_wconf 85' lang='lat' dir='ltr'><strong>s&#39;expliquent</strong></span> <span class='ocrx_word' id='word_1_182' title='bbox 978 4033 1024 4084; x_wconf 89' lang='lat' dir='ltr'><strong>pas</strong></span> <span class='ocrx_word' id='word_1_183' title='bbox 1037 4033 1068 4068; x_wconf 91' lang='lat' dir='ltr'><strong>cn</strong></span> <span class='ocrx_word' id='word_1_184' title='bbox 1082 4024 1245 4084; x_wconf 86' lang='lat' dir='ltr'><strong>ycomptant</strong></span> 
     </span>
    </p>

    <p class='ocr_par' dir='ltr' id='par_1_28' title="bbox 216 4108 719 4178">
     <span class='ocr_line' id='line_1_34' title="bbox 216 4108 719 4178; baseline 0 -14"><span class='ocrx_word' id='word_1_185' title='bbox 216 4113 241 4164; x_wconf 92' lang='lat' dir='ltr'><strong>le</strong></span> <span class='ocrx_word' id='word_1_186' title='bbox 254 4119 392 4164; x_wconf 76' lang='lat' dir='ltr'><strong>coronatur</strong></span> <span class='ocrx_word' id='word_1_187' title='bbox 406 4112 442 4164; x_wconf 92' lang='lat' dir='ltr'><strong>du</strong></span> <span class='ocrx_word' id='word_1_188' title='bbox 453 4119 526 4164; x_wconf 85' lang='lat' dir='ltr'><strong>texte</strong></span> <span class='ocrx_word' id='word_1_189' title='bbox 539 4108 553 4163; x_wconf 80' lang='lat' dir='ltr'><strong>it</strong></span> <span class='ocrx_word' id='word_1_190' title='bbox 570 4108 605 4160; x_wconf 71' lang='lat'><strong>39</strong></span> <span class='ocrx_word' id='word_1_191' title='bbox 614 4111 644 4173; x_wconf 80' lang='lat' dir='ltr'><strong>¹l.</strong></span> <span class='ocrx_word' id='word_1_192' title='bbox 655 4112 719 4178; x_wconf 83' lang='lat' dir='ltr'><strong>stuf.</strong></span> 
     </span>
    </p>
   </div>
   <div class='ocr_carea' id='block_1_4' title="bbox 0 0 1532 4856">
    <p class='ocr_par' dir='ltr' id='par_1_29' title="bbox 0 0 1532 4856">
     <span class='ocr_line' id='line_1_35' title="bbox 0 0 1532 4856; baseline 0 0"><span class='ocrx_word' id='word_1_193' title='bbox 0 0 1532 4856; x_wconf 95' lang='lat' dir='ltr'><strong> </strong></span> 
     </span>
    </p>
   </div>
  </div>
 </body>
</html>
