3046 4836
684 440 836 540 (tot)

274 638 331 696 Pro
355 638 493 717 expensis
519 638 601 697 laetis
623 638 653 697 in
677 638 820 699 mittenda

235 738 359 816 pecunia
373 739 410 798 ad
425 738 541 798 diversa
556 740 628 798 looa.
866 742 922 800 117
938 760 997 800 eor.
1014 743 1052 803 57
1068 753 1103 802 st.

275 840 348 899 item
370 851 484 918 septem
507 840 586 899 mille
607 840 732 900 trecenti
748 859 819 916 qua·

234 939 369 1019 draginta
390 941 522 1000 coronati
545 941 665 1020 triginta
686 942 821 1019 quinque

193 1053 209 1101 t
233 1042 349 1116 stuleri‚
367 1061 442 1120 quos
460 1041 539 1119 apud
561 1060 594 1101 se
615 1044 740 1103 retinuit
762 1043 822 1101 tu-

232 1143 342 1203 oherus
361 1163 416 1222 pro
436 1162 496 1204 non
511 1144 605 1203 soluta
621 1163 637 1202 a
654 1145 824 1204 mereatori-

234 1243 289 1305 bus
304 1245 428 1323 peounia
444 1264 480 1305 ex
497 1245 723 1324 prolongatione
738 1246 819 1304 solu·

234 1345 332 1418 tionis,
346 1365 404 1424 qua
420 1346 573 1406 lruuntur.
859 1348 939 1409 tuto
953 1366 1013 1408 eor.
1031 1349 1068 1408 st
1084 1360 1121 1408 st.

276 1449 316 1506 Ex
342 1446 446 1507 ordine
469 1447 660 1506 dominorum
680 1447 819 1505 oonsilio·
1123 1437 1126 1441 ’

181 1555 210 1604 to
234 1548 350 1608 riorum
378 1548 473 1608 curati
497 1560 567 1607 sunt
588 1565 667 1608 xxvii
685 1547 764 1625 junii
790 1548 820 1606 in

236 1648 419 1709 {lollandiam
448 1648 484 1708 ad
514 1648 755 1709 distribuendum
783 1650 819 1707 ad

234 1750 334 1808 literas
348 1750 461 1808 domini
477 1749 513 1808 de
530 1750 649 1827 {tienges
664 1749 769 1807 loanni
782 1749 818 1807 de

233 1849 394 1910 Onaindria
407 1849 523 1908 officiali
535 1850 668 1928 ejusdem
681 1850 821 1908 solutoris

234 1948 388 2010 coronati:
867 1950 967 2010 totos
983 1969 1042 2010 eor.

180 2061 210 2110 tt
276 2052 818 2129 ltemCoronelilt'ondragoniocurati

234 2165 324 2214 suut:
367 2182 369 2185 ·
867 2155 1021 2214 tuuucor.

277 2255 362 2317 Dum.
376 2253 413 2314 de
429 2253 538 2332 tojono
550 2252 587 2311 ad
598 2252 763 2313 subsidium
775 2254 820 2313 sui

234 2355 402 2436 regimenti.
860 2357 941 2415 6153
955 2375 1015 2416 eor.
1031 2359 1069 2416 55
1085 2370 1120 2416 st.

276 2457 458 2517 Officiolibus
497 2466 527 2515 et
562 2455 705 2514 militibus
746 2455 822 2514 areis

179 2565 211 2613 eo
236 2557 465 2634 Antwarpianae
489 2557 526 2615 ad
551 2555 651 2615 literas
667 2556 824 2615 solutionis

233 2657 317 2736 juxta
337 2660 488 2735 specimen
508 2671 661 2735 acceptum
679 2675 695 2714 a
717 2675 826 2734 quaes·

236 2769 300 2818 tore
317 2756 476 2817 blamedio.
865 2759 944 2818 4845
959 2778 1018 2818 eor.
1034 2762 1067 2820 ‘ll
1088 2770 1124 2819 st.

278 2861 362 2918 Dom.
376 2857 542 2917 Alexandro
556 2857 688 2917 Tonellio
703 2859 740 2916 ad
757 2858 824 2918 lite·

235 2978 285 3020 ras
299 2958 467 3019 solutorias.
865 2960 998 3020 233oor.

180 3074 211 3124 tt
276 3058 821 3136 Joannilssuntioadsumptusolassis.
864 3061 964 3121 lilibss
978 3081 1037 3121 eor.
1055 3064 1093 3122 16
1107 3071 1144 3120 st.

276 3162 343 3222 Arei
361 3162 557 3221 Valenoianae
571 3180 626 3240 per
640 3162 820 3223 Matthaeum

236 3264 381 3325 Fortium.
866 3266 999 3326 bbboor.

276 3362 406 3425 Solutori
422 3371 641 3423 tormentorum
662 3362 698 3422 ad
718 3382 825 3424 eorum

238 3483 391 3543 expensas.
866 3467 925 3525 tto
939 3484 1000 3527 oor.

181 3583 213 3631 to
279 3568 337 3628 Sex
372 3566 479 3626 turmis
520 3565 676 3645 regimeuti
705 3564 828 3625 Coiuitis

240 3669 412 3728 Hannibalis
423 3669 592 3746 Daltempes
604 3668 756 3727 insulanis.
867 3671 946 3729 6000
960 3688 1020 3729 eor.

280 3771 401 3847 Septem
413 3770 520 3830 turmis
534 3767 693 3846 regimenti
705 3770 828 3830 Baronis
964 3845 965 3849 Ἰ

239 3869 439 3949 Fronsbergii.
867 3872 947 3932 7700
966 3892 1017 3933 cor

279 3972 415 4046 Quatuor
430 3969 536 4032 turmis
551 3970 725 4031 Eberstainii
739 3989 825 4047 prae·
