3056 4856
674 447 804 548 (85)

257 648 314 707 Pro
329 647 434 725 figuris
449 646 578 725 Reginae
588 646 724 706 dominae
739 667 804 706 nos·

218 762 279 810 trae
303 749 479 809 transmissis
501 749 536 807 ad
559 738 678 826 Regiam
702 750 805 806 inoes-

220 860 311 911 tatem
331 868 420 909 aurea
439 851 529 910 attera
553 860 692 929 argenteo
714 851 805 908 altera

221 950 326 1032 viginti
355 951 415 1011 duo
443 952 575 1011 coronati
608 951 711 1030 viginti
742 950 802 1009 dno

178 1073 192 1119 t
219 1052 336 1113 stoieri.

261 1154 400 1214 Effioinnt
415 1152 552 1213 universa
566 1153 654 1212 simoi
670 1153 805 1231 praedie-

222 1264 267 1316 tos
288 1267 402 1335 septem
423 1256 503 1314 mitte
520 1254 724 1333 septingentos
750 1255 804 1313 tri-

221 1358 302 1437 ginta
317 1374 368 1415 sex
382 1364 539 1416 eoronatos
555 1374 661 1416 novem
678 1352 806 1415 stnieros

222 1455 399 1517 sexobolos.

166 1573 196 1620 to
263 1561 322 1620 Pro
356 1558 471 1618 duobos
507 1558 637 1618 millibus
672 1559 808 1619 ducentis

225 1659 324 1737 parvis
339 1658 509 1720 bombardis
520 1658 558 1717 ad
572 1658 692 1737 Regiam
709 1658 810 1719 Maies-

225 1769 315 1820 tatem
330 1761 360 1819 in
376 1761 546 1838 Hispaniam
563 1759 659 1820 missis
673 1774 810 1820 constan·

226 1861 305 1920 tibus
319 1862 470 1939 sexaginta
485 1878 535 1920 sex
550 1859 673 1920 stuieris
684 1862 808 1938 singulis

225 1962 809 2021 onmsnisinstromeotisetornamentis

170 2076 198 2123 tt
226 2062 540 2123 necessariisinolusis
561 2074 711 2138 praeterea
736 2081 810 2139 qoa-

226 2164 392 2243 driogentis
415 2164 562 2223 coronatis
584 2162 659 2222 datis
685 2164 811 2224 Martino

226 2265 263 2324 do
277 2266 457 2344 Egingnren,
476 2266 523 2324 eui
545 2265 718 2324 commissae
733 2278 811 2337 sunt,

225 2367 262 2426 ad
277 2366 458 2426 necessarios
472 2377 610 2444 sumptus
630 2374 688 2424 tam
709 2385 812 2425 eornm

225 2468 468 2547 comportationis
487 2486 575 2544 quam
596 2468 727 2546 pulveris
750 2477 812 2527 tor-

169 2580 199 2628 20
227 2568 365 2629 montorii
398 2578 427 2627 et
458 2567 496 2627 ad
529 2569 712 2645 stipendium
741 2586 812 2627 snae

228 2688 371 2749 personae
405 2681 534 2745 quatuor
573 2669 653 2729 mitte
691 2681 812 2728 centurn

847 1056 887 1114 22
902 1074 960 1115 cor.
978 1057 1016 1115 ⁶2⁶2
1030 1069 1066 1117 st.

850 1459 929 1520 7756
945 1480 1005 1523 eor.
1022 1466 1039 1523 9
1055 1477 1090 1524 st.
1106 1468 1125 1527 6
1140 1469 1187 1529 ob.
1199 1470 1254 1544 (t).

227 2771 331 2851 viginti
346 2782 405 2830 tres
420 2770 553 2829 coronati
568 2783 629 2829 tres
644 2770 761 2830 stuieri.
848 2771 927 2830 tint
942 2790 1002 2833 eor.
1017 2775 1036 2833 5
1051 2787 1088 2835 st.

268 2874 325 2931 Pro
340 2873 477 2950 expensis
492 2870 678 2931 deductionis
694 2871 813 2930 Comitis

230 2973 407 3033 Borensisin
418 2972 585 3051 Hispaniam
599 2981 628 3032 et
639 2973 812 3050 eorom‚qni

170 3091 200 3139 tt
228 3075 350 3135 inerunt
365 3076 395 3134 in
411 3073 504 3153 ipsios
518 3076 670 3145 comitatu,
686 3074 765 3132 milio
780 3086 808 3133 rt

228 3176 408 3256 septingenti
426 3176 567 3247 coronati,
583 3175 719 3235 videlieet
734 3174 813 3234 mille
838 3208 841 3212 ·

228 3277 375 3337 commissi
384 3277 512 3336 Antonio
522 3275 559 3334 de
573 3279 643 3334 Lara
652 3276 687 3334 od
696 3276 813 3335 easdem

230 3395 375 3454 expensas
392 3395 448 3457 per
465 3376 663 3454 chirographa
683 3377 761 3436 Petri
777 3378 813 3437 de

229 3478 351 3553 Totedo‚
381 3478 427 3536 eui
454 3478 626 3537 commissos
652 3477 707 3537 snit
733 3496 814 3555 prae·

172 3592 202 3640 30
230 3577 326 3638 dietus
345 3597 453 3653 eomes,
474 3589 503 3637 et
527 3579 707 3657 septingenti
732 3580 813 3656 oapi-

231 3692 316 3739 taneo
343 3679 423 3758 Lupo
449 3679 485 3737 de
511 3680 638 3737 Limam-a
660 3698 714 3757 pro
730 3679 807 3737 vieto

268 3945 309 4016 (t)
330 3946 381 3998 Par
394 3945 531 3998 t'addition
545 3946 579 3998 de
592 3954 652 3999 tous
666 3947 703 3998 ies
718 3955 807 4015 postes
826 3949 992 4017 marginem,
1010 3967 1044 4003 on
1060 3952 1190 4007 n'obtient
1205 3971 1258 4023 quo

232 4039 313 4106 mos
326 4060 378 4095 eor.
394 4038 425 4091 ts
437 4042 502 4109 stuf.
514 4042 531 4090 6
543 4045 582 4096 ob.
