3056 4856
776 398 905 500 (Μ)

320 680 446 740 benarno
467 700 600 743 sourtmu
614 702 768 747 saranatis
786 706 1002 752 nasammonas
1015 710 1158 754 narroumn
1178 713 1352 764 oonrsroms

362 782 508 842 Fanuetsct
532 785 657 845 branton
680 806 758 848 ruera
780 808 796 847 t
818 808 973 852 rnovtsonn
991 794 1101 854 tonnas
1122 797 1254 857 issunrro
1274 818 1352 860 rosso

363 900 442 941 nuens
476 884 582 944 Ansam
620 904 673 945 rsa
711 906 824 948 scaram
862 909 1039 966 ontarnneu,
1074 913 1147 965 oona
1181 916 1352 959 rnusoneros

362 1002 507 1054 oonnsron
521 1004 614 1046 conant
629 1005 693 1049 reso
715 1007 863 1062 rnorottr,
878 1012 934 1053 rau
950 1013 1004 1053 ran
1019 1014 1131 1057 sonans
1145 1016 1260 1058 acerras
1275 1018 1350 1069 oona

365 1102 521 1145 ursmarum
543 1105 681 1149 annueris
700 1108 838 1161 urnrsooe
858 1113 895 1152 m
915 1112 1082 1156 cononnros
1101 1098 1237 1158 Turonum
1256 1119 1351 1160 novar

364 1204 548 1246 snornnonou
564 1207 694 1249 nonanta
712 1209 806 1251 sonore
821 1212 961 1265 sraroou,
982 1214 1056 1265 oona
1076 1216 1190 1258 sennenn
1213 1219 1351 1260 austerum

364 1307 478 1347 anneus
504 1307 621 1350 nonanes
647 1309 794 1352 rancorem
817 1313 993 1368 rnovtsonts
1015 1316 1109 1360 norunt
1135 1318 1350 1369 oocunouonon

362 1411 500 1463 snoutnon
516 1413 523 1452 ε

756 1600 916 1656 decernunt.

365 1762 461 1822 Debet
483 1774 621 1839 quaestor
646 1766 817 1825 Franciscus
844 1766 990 1827 Lixaidius
1014 1779 1134 1828 centum
1160 1770 1266 1848 viginti
1287 1783 1353 1831 octo
1378 1777 1407 1824 1⁰

325 1866 406 1925 mille
420 1866 654 1944 quadringentos
669 1875 698 1925 et
713 1867 854 1927 tredecim
864 1880 1021 1929 coronatos
1037 1870 1156 1949 triginta
1168 1889 1276 1930 novem
1288 1881 1352 1931 stu-

325 1968 458 2027 ferorum
477 1975 614 2026 monetae
630 1966 736 2026 borum
754 1976 885 2027 statuum
907 1980 936 2028 ct
950 1970 1053 2048 viginti
1073 1971 1206 2047 quinque
1222 1972 1352 2032 stnieros

325 2078 354 2127 et
372 2070 448 2128 duos
462 2068 564 2127 obolos
587 2085 640 2145 pro
656 2086 715 2126 una
733 2086 848 2127 summa
868 2069 897 2126 in
921 2068 1063 2146 partibus,
1080 2087 1156 2146 quae
1171 2082 1351 2148 sequuntur,

325 2179 465 2247 accepta:
492 2168 726 2246 quadringentos
751 2169 900 2246 sexaginta
922 2181 951 2229 ct
973 2181 1033 2229 tres
1055 2170 1134 2230 mide
1156 2180 1184 2230 et
1210 2172 1352 2233 ducentos

325 2271 493 2349 octuaginta
518 2278 647 2345 quatuor
674 2277 830 2348 argenteos
860 2271 1031 2348 Hispanicos
1056 2280 1085 2330 et
1109 2281 1175 2331 octo
1196 2274 1354 2349 dipondios
1378 2281 1407 2327 tt

326 2373 490 2452 (hispanice
512 2369 689 2446 maravedis)
704 2368 734 2427 iu
756 2388 811 2428 una
831 2389 946 2430 summa
967 2380 998 2430 ot
1019 2370 1138 2450 triginta
1154 2372 1214 2432 duo
1231 2376 1309 2433 mille
1324 2387 1353 2433 ct

326 2484 474 2536 trecentos
494 2474 644 2550 sexaginta
668 2470 800 2548 quinquo
821 2482 977 2550 argenteos
994 2474 1165 2551 Hispanicos
1180 2483 1210 2532 et
1234 2475 1352 2553 triginta

324 2576 490 2656 dipondios,
503 2592 577 2651 quos
589 2573 702 2650 accepit
713 2571 891 2650 Cartbagine
902 2572 939 2631 ab
951 2572 1102 2650 Aipbonso
1117 2575 1154 2633 dc
1168 2577 1352 2636 Castancnda

325 2693 354 2740 et
371 2680 522 2739 Francisco
537 2676 649 2752 Nepote
666 2674 786 2732 nominc
808 2673 976 2734 Meicbioris
990 2676 1096 2735 aerarii
1113 2679 1274 2754 praepositi
1289 2680 1353 2757 pri-

325 2781 410 2840 marii
439 2778 546 2856 Regiae
575 2775 732 2851 Majestatis
759 2774 879 2852 (singuli
912 2777 1044 2852 argentei
1073 2778 1269 2837 aestimantur
1299 2782 1353 2839 tri·
1378 2788 1410 2835 ab

324 2884 404 2961 ginta
431 2891 561 2957 quatuor
585 2876 744 2953 dipondiis,
771 2875 826 2934 boc
850 2887 903 2947 est,
935 2878 1109 2954 maravcdis)
1138 2897 1216 2938 xavn
1252 2882 1354 2959 aprilis

326 2980 680 3040 metamaucenses
707 2994 777 3033 vero
802 2987 831 3034 et
858 2976 977 3053 triginta
1006 2977 1085 3037 miiie
1107 2978 1293 3058 octingentos
1324 2993 1354 3039 et

324 3081 491 3159 octuaginta
512 3087 667 3155 argenteos
687 3087 717 3134 et
737 3074 894 3134 duodecim
918 3075 1084 3154 dipondios,
1105 3079 1157 3153 qui
1179 3093 1353 3157 supersunt,

264 3218 269 3227 «
324 3182 436 3260 accepit
458 3180 602 3238 Martinus
623 3178 743 3236 Ruisius
767 3176 804 3235 de
827 3177 907 3234 Lariz
930 3177 1051 3237 nomine
1073 3179 1195 3239 loannis
1220 3181 1350 3241 Martinii

324 3282 462 3353 Recaidii‚
486 3279 644 3357 Majestatis
670 3278 777 3356 Regiae
802 3277 905 3336 famuli
932 3278 961 3337 in
982 3277 1093 3358 oppido
1115 3281 1350 3356 Santandreano,
1375 3287 1408 3335 ab
1503 3302 1504 3353 p

324 3404 383 3462 quo
396 3383 562 3462 praedictus
573 3380 679 3440 aerarii
693 3379 859 3456 praefectus
870 3399 935 3439 eam
948 3380 1103 3457 pecuniam
1115 3383 1350 3461 miseratchiae
1371 3406 1373 3409 ¹

323 3483 482 3561 Maiestatis
493 3482 590 3559 jussu,
606 3489 638 3539 ut
660 3478 810 3559 praedicto
829 3480 937 3539 barinio
961 3480 1138 3553 traderetur,
1159 3481 1209 3557 qui
1234 3484 1353 3542 nomine

325 3583 466 3666 praedicti
481 3583 648 3661 quaestoris
668 3582 773 3659 agebat
787 3581 953 3658 quaestoris
974 3592 1026 3640 aut
1040 3582 1232 3659 persolutoris
1254 3586 1353 3644 classis

324 3699 433 3767 partos,
458 3687 488 3745 in
510 3704 568 3762 qua
590 3684 709 3743 dominu
730 3693 831 3741 nostra
857 3682 957 3762 regina
980 3692 1145 3742 transvecta
1164 3692 1208 3742 est
1229 3705 1263 3743 ex
1287 3685 1352 3745 istis

324 3788 448 3848 statibus
470 3787 500 3845 in
525 3784 704 3862 Hispaniam,
725 3784 762 3842 ad
788 3782 881 3862 ipsius
907 3794 1046 3861 sumptus
1069 3802 1170 3842 mense
1195 3785 1350 3843 novembri
1377 3788 1410 3836 30

323 3890 393 3948 anni
412 3887 771 3949 MDLXX.Aestima11tur
792 3884 822 3942 bi
844 3884 953 3960 singuli
970 3884 1103 3962 argentei
1122 3882 1216 3943 tribus
1232 3885 1352 3945 stuferis

322 4010 390 4051 cum
422 3987 556 4060 dimidio,
588 4003 648 4063 quo
679 3986 779 4044 valore
812 3984 934 4043 inserunt
966 3982 1127 4055 distributi,
1152 3985 1242 4062 primi
1272 4004 1352 4054 vcro,
