3046 4836
677 456 829 554 (tos)

226 656 390 730 minorum,
402 673 479 733 quse
495 656 600 715 missae
615 664 686 715 sunt
705 657 734 715 in
751 656 814 715 iiis·

225 755 361 833 peninum
377 774 493 816 summe
508 765 570 816 est:
849 758 929 818 4195
948 776 1009 818 eor.
1031 758 1096 818 5st.

266 859 341 917 item
356 857 431 917 eiius
450 856 605 916 inscientes
621 867 653 915 n·
669 857 706 916 95
722 858 813 917 centi-

224 976 298 1017 nens
314 957 374 1017 dun
388 957 498 1035 scripte
520 956 557 1017 de
578 958 714 1037 expensis
731 957 812 1018 iactis

184 1072 200 1118 tt
223 1058 254 1118 in
284 1058 475 1138 navigatione
501 1050 621 1119 Comitis
649 1054 757 1119 Bunsni
782 1063 811 1121 in

224 1158 413 1238 Hispaniam
429 1178 546 1219 summe
561 1169 628 1220 est:
872 1164 948 1222 1790
963 1181 1023 1221 eon.

264 1261 348 1321 Atius
369 1260 525 1322 fascienlus
544 1272 577 1320 n⁰
597 1263 637 1323 ns
659 1263 815 1323 continens

223 1379 274 1420 sex
289 1361 399 1441 scripte
415 1362 572 1423 solutionis
595 1381 649 1441 pne
673 1365 811 1441 expensis

223 1458 306 1521 inetis
335 1481 403 1522 eum
433 1458 565 1543 patribus
589 1464 765 1524 semissariis
795 1486 810 1523 a

141 1582 144 1587 ’
168 1573 198 1621 tt)
223 1559 384 1627 Sanctitate
404 1563 518 1623 Summi
543 1564 693 1624 Pontifieis
716 1566 812 1625 missis

223 1663 374 1723 visitatum
392 1667 569 1725 monasterie
589 1665 695 1726 harem
718 1668 811 1744 regie-

224 1783 314 1837 nuns3
330 1786 446 1827 summe
463 1777 527 1827 est:
855 1772 913 1829 899
929 1788 989 1831 eos.
1005 1773 1039 1830 91
1059 1777 1096 1830 st.
1112 1775 1129 1832 5
1144 1769 1191 1830 eb.

265 1867 338 1927 item
353 1866 428 1928 elius
443 1868 600 1929 fascienlus
616 1871 809 1930 110950οηῑί-
1146 1873 1165 1891 '

224 1984 299 2026 nens
309 1968 521 2047 quinquaginta
533 1980 598 2029 oete
609 1970 719 2049 scripta
731 1972 809 2030 solu·

169 2074 208 2122 ts'
224 2068 314 2128 tionis
334 2087 389 2148 pro
408 2070 546 2148 expensis
565 2070 807 2130 extraordinariis

224 2169 255 2229 in
276 2169 381 2230 sedens
404 2171 534 2230 exercitu
566 2171 661 2244 sanie
692 2192 806 2231 sumina

223 2282 268 2330 est
289 2290 297 2329 z
853 2275 932 2337 7459
948 2295 1007 2338 eon.
1023 2278 1062 2338 99
1076 2286 1113 2336 st.

262 2372 385 2432 Summa
398 2371 550 2454 petieratis
560 2374 653 2434 totius
664 2376 808 2454 pecuniae

221 2469 400 2534 distributae
430 2495 449 2533 a
483 2473 615 2535 solutore
647 2477 807 2537 Freneisen

167 2581 196 2630 90
224 2571 374 2643 ttxatdtn
387 2585 477 2656 pretet
498 2585 623 2656 apparet
639 2578 811 2658 exscriptis

221 2667 424 2754 eripi'naiibns
434 2695 532 2756 supra
544 2676 649 2739 relatis
664 2699 757 2759 usqne
772 2679 812 2737 an

219 2771 312 2854 finem
321 2776 398 2836 assm'
406 2776 519 2838 LXXI:
527 2781 641 2859 Septem
653 2778 810 2850 institiones,

220 2876 362 2957 nonpenti
381 2878 494 2961 vipinti
513 2890 623 2958 septem
646 2879 726 2942 mitte
746 2901 809 2943 sex·

220 2978 414 3041 sentientem
429 2986 566 3041 coronati
581 2982 690 3062 eipinti
702 2981 812 3062 stuseri

167 3090 196 3137 25
222 3076 371 3141 denotata·
385 3081 436 3159 (t).
850 3088 991 3149 testeos
1006 3088 1258 3155 consonent.

263 3423 304 3492 (t)
328 3423 414 3491 Veyez
428 3425 473 3478 tot.
488 3425 532 3479 55.
