3046 4836
636 434 791 532 (roo)

472 726 544 786 Res.

230 896 381 956 Francisee
396 893 505 955 bixaldi
528 895 642 954 solutor
664 895 758 954 nostri
784 894 931 954 exereitus
961 893 992 954 in
1018 891 1128 972 belgio,
1153 874 1220 953 euni

188 999 234 1057 lais
255 999 349 1057 literis
364 997 494 1056 mittitur
514 1014 633 1074 quoque
658 994 693 1055 ad
721 1004 750 1055 tc
766 995 909 1074 scripturn
927 992 1156 1073 permutationis
1169 1005 1222 1054 aut

187 1099 293 1159 cambii
308 1099 430 1159 loannis
447 1097 573 1158 Coriolis
587 1096 767 1158 Tborrensis
788 1096 825 1155 ad
844 1096 974 1157 cundem
990 1106 1018 1157 et
1034 1094 1219 1173 blplrousnm

135 1209 150 1256 t
190 1201 320 1259 lliusium
349 1200 387 1258 de
416 1198 535 1276 Aguilar
562 1208 698 1276 agentem
734 1197 925 1277 bntwerpiac
954 1196 1056 1257 dutum
1086 1196 1222 1256 llladridii

189 1322 246 1362 xxv
258 1301 385 1380 januarii
403 1300 554 1379 praeteriti
577 1300 666 1377 liujus
680 1301 762 1371 anni,
778 1308 810 1359 ut
829 1301 859 1360 in
875 1299 978 1360 cadem
995 1299 1071 1360 urbe
1086 1302 1221 1359 bntwcr·

142 1447 145 1453 .
192 1403 286 1481 pieosi
308 1402 462 1463 solvantur
484 1401 521 1472 ei,v
536 1419 625 1477 qoem
651 1419 705 1460 nos
730 1400 960 1480 designavimus,
977 1400 1106 1460 ducenta
1131 1399 1222 1460 millia

190 1513 400 1564 coronatorum
415 1500 534 1579 triginta
546 1520 596 1561 sex
609 1501 793 1561 stulerorum
803 1501 832 1560 in
842 1501 973 1580 singulos
981 1499 1106 1578 pecunia
1117 1501 1224 1561 usitata

190 1605 221 1666 in
243 1602 442 1664 solutionibus
465 1602 669 1681 proximarum
691 1601 893 1662 nundinarum
911 1601 1058 1662 Poseholis
1072 1619 1224 1662 resurree-

136 1711 165 1758 to
191 1703 280 1765 tionis
292 1703 382 1780 bojas
393 1703 463 1762 anni
473 1702 722 1763 lllllll.llittitur
733 1704 821 1762 etiam
831 1701 911 1760 aliud
923 1703 1067 1780 scriptum
1077 1713 1226 1776 nostrum,

191 1815 224 1864 ut
239 1803 292 1863 tibi
308 1822 340 1862 ca
356 1821 471 1863 summa
487 1802 624 1862 tradatur
639 1801 789 1882 praedicto
807 1814 950 1879 ternpore,
963 1813 1053 1882 prout
1067 1801 1181 1862 videbis
1193 1802 1223 1861 in

190 1905 296 1966 scheda
313 1913 343 1963 et
356 1902 468 1981 scripto
484 1905 711 1980 permutationis
727 1907 789 1980 (aut
803 1901 922 1980 cambii)
938 1922 1027 1980 supra
1043 1903 1226 1963 memoratis.

191 2008 272 2081 Quae
287 2005 396 2083 scripta
411 2005 521 2079 statim,
535 2016 567 2065 nt
581 2006 739 2080 acceperis,
755 2004 995 2083 repraesentabis
1017 2005 1069 2078 cis,
1091 2003 1128 2066 ad
1150 2023 1225 2081 quos

191 2118 272 2176 sunt,
300 2115 353 2164 aut
374 2105 435 2164 suis
457 2104 664 2184 sponsoribus,
688 2106 738 2183 qui
771 2105 811 2164 ibi
838 2104 949 2164 luerint
975 2106 1009 2166 ad
1038 2106 1225 2165 tractandum

138 2217 167 2265 ta
192 2226 295 2277 eorum
312 2205 444 2284 negotia3
459 2205 642 2284 accipiesque
665 2207 866 2266 testimonium
887 2208 1096 2285 acceptationis
1115 2225 1226 2266 earun-

192 2309 259 2368 dem
285 2307 439 2366 literarum
469 2317 499 2365 ct
526 2325 580 2367 suo
607 2316 741 2384 tempore
771 2306 896 2385 recipies
922 2307 959 2366 ab
986 2306 1028 2366 eis
1061 2306 1226 2382 praedictos

192 2408 335 2468 ducentos
351 2408 430 2467 mille
443 2418 609 2481 coronatos,
624 2427 698 2484 arcos
713 2408 863 2486 expendes
877 2417 907 2467 et
922 2406 1085 2468 distribues
1096 2406 1134 2467 od
1145 2408 1228 2467 ordi-

192 2528 260 2569 nem
276 2521 306 2569 et
320 2507 419 2569 literas
432 2508 574 2586 jussorias
589 2510 678 2568 Ducis
694 2509 799 2569 Albani
824 2508 965 2587 praelecti
988 2511 1098 2568 sommi
1119 2509 1226 2568 domos

192 2622 312 2671 nostrae
326 2621 356 2671 ct
368 2610 450 2670 ducis
465 2611 611 2690 generalis
629 2611 721 2670 nostri
738 2611 895 2678 exercitus,
917 2628 984 2669 nam
1010 2609 1113 2688 vigore
1135 2608 1226 2687 liujus

138 2726 168 2773 att
194 2730 276 2771 meae
291 2710 415 2771 selredac
430 2713 559 2790 (accepta
576 2709 654 2769 illios
671 2710 787 2774 ratione
799 2729 852 2786 per
864 2710 1052 2769 Franciscum
1065 2709 1225 2768 Granicum

194 2824 378 2890 quaestorem
397 2824 531 2873 nostrum
553 2821 582 2872 ot
603 2813 747 2872 loannem
766 2810 928 2890 Delgadum
945 2820 1083 2870 nostram
1098 2820 1227 2870 secrcta-

193 2911 273 2973 rium
289 2925 318 2973 et
331 2911 485 2973 literarum
498 2913 707 2991 jussoriarum,
722 2931 795 2990 quas
811 2910 848 2971 ad
874 2923 903 2972 tc
928 2910 1044 2972 dederit
1065 2910 1144 2971 idem
1161 2912 1224 2971 Dux

194 3014 336 3092 Albanus)
357 3024 386 3075 ct
406 3016 597 3093 scriptorum,
619 3033 694 3096 quae
720 3014 838 3073 illorum
862 3015 963 3093 vigore
986 3021 1163 3094 accepturus
1187 3031 1229 3085 es,

192 3116 292 3197 jubeo,
308 3128 341 3178 ut
356 3117 408 3178 tibi
423 3117 620 3178 admittantur
634 3118 670 3178 ad
686 3116 816 3177 rationes
839 3115 982 3195 praedicti
1006 3114 1128 3175 ducenti
1150 3114 1231 3174 mille

141 3229 170 3275 ro
196 3220 327 3280 coronati
350 3218 462 3296 absque
489 3219 548 3279 ullo
571 3218 627 3278 alio
643 3219 763 3296 scripto.
788 3218 892 3276 Datum
915 3216 1051 3276 llodridii
1073 3235 1111 3275 xv
1126 3216 1230 3294 aprilis

196 3321 265 3379 anni
286 3320 396 3379 txxu.

639 3521 697 3598 Ego
720 3521 791 3578 Rex.

239 3695 282 3754 td
293 3697 409 3774 jussum
421 3698 529 3777 Regiae
540 3697 700 3758 Maiestatis
711 3698 839 3759 loannes
855 3697 891 3757 de
903 3695 1070 3757 Sebobedo.

238 3798 411 3860 Franciseus
435 3800 578 3860 Granicus
602 3800 717 3879 accepit
739 3800 902 3872 rationem3
928 3800 1057 3863 loannes
1083 3797 1235 3875 Delgodus

141 3901 172 3950 30
198 3898 311 3978 acecpit
326 3901 483 3962 rationem.
