<?xml version="1.0" encoding="UTF-8"?>
<!DOCTYPE html PUBLIC "-//W3C//DTD XHTML 1.0 Transitional//EN"
    "http://www.w3.org/TR/xhtml1/DTD/xhtml1-transitional.dtd">
<html xmlns="http://www.w3.org/1999/xhtml" xml:lang="en" lang="en">
 <head>
  <title>
</title>
<meta http-equiv="Content-Type" content="text/html;charset=utf-8" />
  <meta name='ocr-system' content='tesseract 3.04.00' />
  <meta name='ocr-capabilities' content='ocr_page ocr_carea ocr_par ocr_line ocrx_word'/>
</head>
<body>
  <div class='ocr_page' id='page_1' title='image "./leregistredefra00rachgoog_0134.png"; bbox 0 0 3046 4836; ppageno 0'>
   <div class='ocr_carea' id='block_1_1' title="bbox 619 448 779 551">
    <p class='ocr_par' dir='ltr' id='par_1_1' title="bbox 619 448 779 551">
     <span class='ocr_line' id='line_1_1' title="bbox 619 448 779 551; baseline 0.031 -29"><span class='ocrx_word' id='word_1_1' title='bbox 619 448 779 551; x_wconf 80' lang='lat' dir='ltr'><strong>(iio)</strong></span> 
     </span>
    </p>
   </div>
   <div class='ocr_carea' id='block_1_2' title="bbox 111 639 1126 2762">
    <p class='ocr_par' dir='ltr' id='par_1_2' title="bbox 111 639 1126 2762">
     <span class='ocr_line' id='line_1_2' title="bbox 220 639 771 718; baseline 0.022 -20"><span class='ocrx_word' id='word_1_2' title='bbox 220 640 243 698; x_wconf 80' lang='grc' dir='ltr'><strong>Δ</strong></span> <span class='ocrx_word' id='word_1_3' title='bbox 276 639 414 718; x_wconf 85' lang='lat' dir='ltr'><strong>Pliilippo</strong></span> <span class='ocrx_word' id='word_1_4' title='bbox 447 651 476 702; x_wconf 89' lang='lat' dir='ltr'><strong>et</strong></span> <span class='ocrx_word' id='word_1_5' title='bbox 508 643 628 707; x_wconf 87' lang='lat' dir='ltr'><strong>Jacomo</strong></span> <span class='ocrx_word' id='word_1_6' title='bbox 659 651 771 710; x_wconf 77' lang='lat' dir='ltr'><strong>Gaiano</strong></span> 
     </span>
     <span class='ocr_line' id='line_1_3' title="bbox 177 740 766 826; baseline 0.025 -28"><span class='ocrx_word' id='word_1_7' title='bbox 177 758 218 799; x_wconf 89' lang='grc' dir='ltr'>ιιιι</span> <span class='ocrx_word' id='word_1_8' title='bbox 236 740 365 801; x_wconf 73' lang='lat' dir='ltr'><strong>octobris</strong></span> <span class='ocrx_word' id='word_1_9' title='bbox 388 743 459 803; x_wconf 90' lang='lat' dir='ltr'><strong>anni</strong></span> <span class='ocrx_word' id='word_1_10' title='bbox 480 746 580 806; x_wconf 84' lang='lat' dir='ltr'><strong>txxtt</strong></span> <span class='ocrx_word' id='word_1_11' title='bbox 598 767 652 826; x_wconf 89' lang='lat' dir='ltr'><strong>per</strong></span> <span class='ocrx_word' id='word_1_12' title='bbox 666 750 766 812; x_wconf 87' lang='lat' dir='ltr'><strong>literas</strong></span> 
     </span>
     <span class='ocr_line' id='line_1_4' title="bbox 176 838 764 911; baseline 0.022 -13"><span class='ocrx_word' id='word_1_13' title='bbox 176 838 307 902; x_wconf 84' lang='lat' dir='ltr'><strong>Tbomae</strong></span> <span class='ocrx_word' id='word_1_14' title='bbox 323 842 430 903; x_wconf 87' lang='lat' dir='ltr'><strong>Doriae</strong></span> <span class='ocrx_word' id='word_1_15' title='bbox 448 856 515 904; x_wconf 90' lang='lat' dir='ltr'><strong>octo</strong></span> <span class='ocrx_word' id='word_1_16' title='bbox 535 846 616 908; x_wconf 90' lang='lat' dir='ltr'><strong>mille</strong></span> <span class='ocrx_word' id='word_1_17' title='bbox 638 868 764 911; x_wconf 86' lang='lat' dir='ltr'><strong>corona-</strong></span> 
     </span>
     <span class='ocr_line' id='line_1_5' title="bbox 177 943 1066 1022; baseline 0.025 -23"><span class='ocrx_word' id='word_1_18' title='bbox 177 950 275 1000; x_wconf 89' lang='lat' dir='ltr'><strong>torum</strong></span> <span class='ocrx_word' id='word_1_19' title='bbox 291 961 342 1002; x_wconf 79' lang='lat' dir='ltr'><strong>scr</strong></span> <span class='ocrx_word' id='word_1_20' title='bbox 359 943 535 1008; x_wconf 85' lang='lat' dir='ltr'><strong>solidorum.</strong></span> <span class='ocrx_word' id='word_1_21' title='bbox 762 988 765 993; x_wconf 74' lang='lat'><em>,</em></span> <span class='ocrx_word' id='word_1_22' title='bbox 806 953 1066 1022; x_wconf 61' lang='lat' dir='ltr'><strong>micantia,</strong></span> 
     </span>
     <span class='ocr_line' id='line_1_6' title="bbox 130 1043 762 1112; baseline 0.014 -9"><span class='ocrx_word' id='word_1_23' title='bbox 130 1055 155 1103; x_wconf 68' lang='grc' dir='ltr'><strong>δ’</strong></span> <span class='ocrx_word' id='word_1_24' title='bbox 215 1045 236 1101; x_wconf 79' lang='grc' dir='ltr'><strong>Α</strong></span> <span class='ocrx_word' id='word_1_25' title='bbox 271 1043 451 1105; x_wconf 74' lang='lat' dir='ltr'>haeredibus</span> <span class='ocrx_word' id='word_1_26' title='bbox 478 1047 604 1107; x_wconf 77' lang='lat' dir='ltr'><strong>vicentii</strong></span> <span class='ocrx_word' id='word_1_27' title='bbox 637 1050 762 1112; x_wconf 87' lang='lat' dir='ltr'><strong>Goinisii</strong></span> 
     </span>
     <span class='ocr_line' id='line_1_7' title="bbox 171 1145 874 1229; baseline 0.017 -25"><span class='ocrx_word' id='word_1_28' title='bbox 171 1155 202 1204; x_wconf 89' lang='lat' dir='ltr'><strong>et</strong></span> <span class='ocrx_word' id='word_1_29' title='bbox 222 1145 344 1223; x_wconf 78' lang='lat' dir='ltr'><strong>iosepbi</strong></span> <span class='ocrx_word' id='word_1_30' title='bbox 372 1146 551 1209; x_wconf 77' lang='lat' dir='ltr'><strong>bernardini</strong></span> <span class='ocrx_word' id='word_1_31' title='bbox 582 1170 635 1229; x_wconf 83' lang='lat' dir='ltr'><strong>per</strong></span> <span class='ocrx_word' id='word_1_32' title='bbox 659 1153 760 1214; x_wconf 75' lang='lat' dir='ltr'><strong>literas</strong></span> <span class='ocrx_word' id='word_1_33' title='bbox 872 1146 874 1149; x_wconf 33' lang='lat'><strong><em>¹</em></strong></span> 
     </span>
     <span class='ocr_line' id='line_1_8' title="bbox 171 1246 763 1325; baseline 0.02 -22"><span class='ocrx_word' id='word_1_34' title='bbox 171 1246 265 1306; x_wconf 91' lang='lat' dir='ltr'><strong>Caroli</strong></span> <span class='ocrx_word' id='word_1_35' title='bbox 289 1248 431 1325; x_wconf 86' lang='lat' dir='ltr'><strong>Spinoloe</strong></span> <span class='ocrx_word' id='word_1_36' title='bbox 464 1250 612 1311; x_wconf 89' lang='lat' dir='ltr'><strong>Vincentii</strong></span> <span class='ocrx_word' id='word_1_37' title='bbox 637 1266 667 1313; x_wconf 93' lang='lat' dir='ltr'><strong>et</strong></span> <span class='ocrx_word' id='word_1_38' title='bbox 690 1255 763 1314; x_wconf 84' lang='lat' dir='ltr'><strong>bau·</strong></span> 
     </span>
     <span class='ocr_line' id='line_1_9' title="bbox 171 1346 759 1435; baseline 0.019 -30"><span class='ocrx_word' id='word_1_39' title='bbox 171 1346 261 1407; x_wconf 90' lang='lat' dir='ltr'><strong>rentii</strong></span> <span class='ocrx_word' id='word_1_40' title='bbox 280 1348 404 1409; x_wconf 87' lang='lat' dir='ltr'><strong>Gentilis</strong></span> <span class='ocrx_word' id='word_1_41' title='bbox 424 1369 483 1411; x_wconf 81' lang='lat' dir='ltr'><strong>xrrn</strong></span> <span class='ocrx_word' id='word_1_42' title='bbox 502 1353 635 1429; x_wconf 80' lang='lat' dir='ltr'><strong>ejusdem</strong></span> <span class='ocrx_word' id='word_1_43' title='bbox 656 1357 759 1435; x_wconf 81' lang='lat' dir='ltr'><strong>viginti</strong></span> 
     </span>
     <span class='ocr_line' id='line_1_10' title="bbox 170 1448 755 1535; baseline 0.021 -28"><span class='ocrx_word' id='word_1_44' title='bbox 170 1448 304 1525; x_wconf 87' lang='lat' dir='ltr'><strong>quinque</strong></span> <span class='ocrx_word' id='word_1_45' title='bbox 340 1449 420 1510; x_wconf 91' lang='lat' dir='ltr'><strong>mille</strong></span> <span class='ocrx_word' id='word_1_46' title='bbox 455 1456 586 1514; x_wconf 86' lang='lat' dir='ltr'><strong>coronati</strong></span> <span class='ocrx_word' id='word_1_47' title='bbox 623 1457 755 1535; x_wconf 87' lang='lat' dir='ltr'><strong>ejusdem</strong></span> 
     </span>
     <span class='ocr_line' id='line_1_11' title="bbox 116 1549 1078 1630; baseline 0.026 -25"><span class='ocrx_word' id='word_1_48' title='bbox 116 1565 145 1613; x_wconf 85' lang='grc' dir='ltr'><strong>ιο</strong></span> <span class='ocrx_word' id='word_1_49' title='bbox 170 1549 286 1610; x_wconf 84' lang='lat' dir='ltr'><strong>valoris.</strong></span> <span class='ocrx_word' id='word_1_50' title='bbox 797 1565 899 1624; x_wconf 69' lang='lat'><strong>25076</strong></span> <span class='ocrx_word' id='word_1_51' title='bbox 913 1583 973 1626; x_wconf 85' lang='lat' dir='ltr'><strong>cor.</strong></span> <span class='ocrx_word' id='word_1_52' title='bbox 989 1567 1028 1628; x_wconf 77' lang='grc'><strong>56</strong></span> <span class='ocrx_word' id='word_1_53' title='bbox 1042 1578 1078 1630; x_wconf 85' lang='lat' dir='ltr'><strong>st.</strong></span> 
     </span>
     <span class='ocr_line' id='line_1_12' title="bbox 209 1649 755 1733; baseline 0.026 -25"><span class='ocrx_word' id='word_1_54' title='bbox 209 1649 254 1709; x_wconf 76' lang='lat' dir='ltr'><strong>Ab</strong></span> <span class='ocrx_word' id='word_1_55' title='bbox 282 1652 462 1733; x_wconf 77' lang='lat' dir='ltr'><strong>Hieronymo</strong></span> <span class='ocrx_word' id='word_1_56' title='bbox 483 1656 575 1717; x_wconf 83' lang='lat' dir='ltr'><strong>Grillo</strong></span> <span class='ocrx_word' id='word_1_57' title='bbox 597 1668 627 1718; x_wconf 86' lang='lat' dir='ltr'><strong>ct</strong></span> <span class='ocrx_word' id='word_1_58' title='bbox 649 1661 755 1722; x_wconf 77' lang='lat' dir='ltr'><strong>lazaro</strong></span> 
     </span>
     <span class='ocr_line' id='line_1_13' title="bbox 169 1752 756 1838; baseline 0.022 -29"><span class='ocrx_word' id='word_1_59' title='bbox 169 1752 290 1831; x_wconf 91' lang='lat' dir='ltr'><strong>Spinula</strong></span> <span class='ocrx_word' id='word_1_60' title='bbox 325 1773 380 1832; x_wconf 86' lang='lat' dir='ltr'><strong>per</strong></span> <span class='ocrx_word' id='word_1_61' title='bbox 413 1755 511 1816; x_wconf 81' lang='lat' dir='ltr'><strong>literas</strong></span> <span class='ocrx_word' id='word_1_62' title='bbox 546 1759 689 1838; x_wconf 79' lang='lat' dir='ltr'><strong>Stephani</strong></span> <span class='ocrx_word' id='word_1_63' title='bbox 725 1774 756 1823; x_wconf 88' lang='lat' dir='ltr'><strong>ct</strong></span> 
     </span>
     <span class='ocr_line' id='line_1_14' title="bbox 169 1853 755 1938; baseline 0.022 -26"><span class='ocrx_word' id='word_1_64' title='bbox 169 1853 355 1938; x_wconf 74' lang='lat' dir='ltr'><strong>Hieroflnynri</strong></span> <span class='ocrx_word' id='word_1_65' title='bbox 392 1858 475 1919; x_wconf 89' lang='lat' dir='ltr'><strong>Grilli</strong></span> <span class='ocrx_word' id='word_1_66' title='bbox 515 1871 635 1920; x_wconf 88' lang='lat' dir='ltr'><strong>centum</strong></span> <span class='ocrx_word' id='word_1_67' title='bbox 675 1864 755 1927; x_wconf 89' lang='lat' dir='ltr'><strong>mille</strong></span> 
     </span>
     <span class='ocr_line' id='line_1_15' title="bbox 167 1956 752 2042; baseline 0.021 -29"><span class='ocrx_word' id='word_1_68' title='bbox 167 1956 299 2014; x_wconf 85' lang='lat' dir='ltr'><strong>coronati</strong></span> <span class='ocrx_word' id='word_1_69' title='bbox 314 1974 366 2016; x_wconf 86' lang='lat' dir='ltr'><strong>sex</strong></span> <span class='ocrx_word' id='word_1_70' title='bbox 381 1958 556 2036; x_wconf 89' lang='lat' dir='ltr'><strong>solidorum,</strong></span> <span class='ocrx_word' id='word_1_71' title='bbox 571 1964 621 2037; x_wconf 88' lang='lat' dir='ltr'><strong>qni</strong></span> <span class='ocrx_word' id='word_1_72' title='bbox 642 1966 752 2042; x_wconf 80' lang='lat' dir='ltr'><strong>recepti</strong></span> 
     </span>
     <span class='ocr_line' id='line_1_16' title="bbox 114 2055 755 2135; baseline 0.016 -21"><span class='ocrx_word' id='word_1_73' title='bbox 114 2070 142 2116; x_wconf 78' lang='lat'><strong>15</strong></span> <span class='ocrx_word' id='word_1_74' title='bbox 166 2055 303 2115; x_wconf 89' lang='lat' dir='ltr'><strong>suntsob</strong></span> <span class='ocrx_word' id='word_1_75' title='bbox 314 2056 404 2118; x_wconf 87' lang='lat' dir='ltr'><strong>finem</strong></span> <span class='ocrx_word' id='word_1_76' title='bbox 417 2060 627 2121; x_wconf 87' lang='lat' dir='ltr'><strong>octobriaanni</strong></span> <span class='ocrx_word' id='word_1_77' title='bbox 640 2064 755 2135; x_wconf 80' lang='lat' dir='ltr'><strong>bXXH3</strong></span> 
     </span>
     <span class='ocr_line' id='line_1_17' title="bbox 166 2158 752 2244; baseline 0.019 -28"><span class='ocrx_word' id='word_1_78' title='bbox 166 2158 317 2237; x_wconf 88' lang='lat' dir='ltr'><strong>anticipati</strong></span> <span class='ocrx_word' id='word_1_79' title='bbox 342 2173 442 2220; x_wconf 88' lang='lat' dir='ltr'><strong>autem</strong></span> <span class='ocrx_word' id='word_1_80' title='bbox 469 2164 553 2224; x_wconf 86' lang='lat' dir='ltr'><strong>lucre</strong></span> <span class='ocrx_word' id='word_1_81' title='bbox 578 2183 614 2224; x_wconf 86' lang='grc' dir='ltr'><strong>ιιι</strong></span> <span class='ocrx_word' id='word_1_82' title='bbox 635 2171 752 2244; x_wconf 79' lang='lat' dir='ltr'><strong>augusti</strong></span> 
     </span>
     <span class='ocr_line' id='line_1_18' title="bbox 166 2257 1076 2337; baseline 0.022 -19"><span class='ocrx_word' id='word_1_83' title='bbox 166 2257 298 2336; x_wconf 84' lang='lat' dir='ltr'><strong>ejusdem</strong></span> <span class='ocrx_word' id='word_1_84' title='bbox 314 2263 394 2322; x_wconf 88' lang='lat' dir='ltr'><strong>anni.</strong></span> <span class='ocrx_word' id='word_1_85' title='bbox 794 2273 892 2334; x_wconf 68' lang='lat'><strong>9250?</strong></span> <span class='ocrx_word' id='word_1_86' title='bbox 909 2294 970 2336; x_wconf 85' lang='lat' dir='ltr'><strong>cor.</strong></span> <span class='ocrx_word' id='word_1_87' title='bbox 987 2280 1025 2336; x_wconf 71' lang='lat'><strong>27</strong></span> <span class='ocrx_word' id='word_1_88' title='bbox 1040 2285 1076 2337; x_wconf 87' lang='lat' dir='ltr'><strong>st.</strong></span> 
     </span>
     <span class='ocr_line' id='line_1_19' title="bbox 209 2362 749 2444; baseline 0.019 -25"><span class='ocrx_word' id='word_1_89' title='bbox 209 2362 246 2419; x_wconf 85' lang='lat' dir='ltr'><strong>Hx</strong></span> <span class='ocrx_word' id='word_1_90' title='bbox 265 2373 411 2437; x_wconf 83' lang='lat' dir='ltr'><strong>proventu</strong></span> <span class='ocrx_word' id='word_1_91' title='bbox 427 2366 542 2442; x_wconf 82' lang='lat' dir='ltr'><strong>argenti</strong></span> <span class='ocrx_word' id='word_1_92' title='bbox 558 2385 593 2425; x_wconf 89' lang='lat' dir='ltr'><strong>ex</strong></span> <span class='ocrx_word' id='word_1_93' title='bbox 612 2368 749 2444; x_wconf 79' lang='lat' dir='ltr'><strong>Hispania</strong></span> 
     </span>
     <span class='ocr_line' id='line_1_20' title="bbox 164 2460 752 2540; baseline 0.019 -22"><span class='ocrx_word' id='word_1_94' title='bbox 164 2460 244 2520; x_wconf 87' lang='lat' dir='ltr'><strong>allati</strong></span> <span class='ocrx_word' id='word_1_95' title='bbox 272 2480 326 2540; x_wconf 83' lang='lat' dir='ltr'><strong>per</strong></span> <span class='ocrx_word' id='word_1_96' title='bbox 351 2462 503 2524; x_wconf 87' lang='lat' dir='ltr'><strong>Gutierem</strong></span> <span class='ocrx_word' id='word_1_97' title='bbox 532 2466 695 2527; x_wconf 86' lang='lat' dir='ltr'><strong>Tremdom</strong></span> <span class='ocrx_word' id='word_1_98' title='bbox 722 2471 752 2530; x_wconf 94' lang='lat' dir='ltr'><strong>in</strong></span> 
     </span>
     <span class='ocr_line' id='line_1_21' title="bbox 111 2563 750 2639; baseline 0.011 -18"><span class='ocrx_word' id='word_1_99' title='bbox 111 2575 140 2622; x_wconf 77' lang='lat' dir='ltr'><strong>ao</strong></span> <span class='ocrx_word' id='word_1_100' title='bbox 165 2579 198 2620; x_wconf 90' lang='lat' dir='ltr'><strong>ea</strong></span> <span class='ocrx_word' id='word_1_101' title='bbox 224 2563 324 2639; x_wconf 89' lang='lat' dir='ltr'><strong>classe,</strong></span> <span class='ocrx_word' id='word_1_102' title='bbox 349 2581 438 2639; x_wconf 87' lang='lat' dir='ltr'><strong>quam</strong></span> <span class='ocrx_word' id='word_1_103' title='bbox 463 2564 549 2624; x_wconf 78' lang='lat' dir='ltr'><strong>duxit</strong></span> <span class='ocrx_word' id='word_1_104' title='bbox 573 2569 639 2626; x_wconf 86' lang='lat' dir='ltr'><strong>Dux</strong></span> <span class='ocrx_word' id='word_1_105' title='bbox 667 2570 750 2629; x_wconf 87' lang='lat' dir='ltr'><strong>Meti·</strong></span> 
     </span>
     <span class='ocr_line' id='line_1_22' title="bbox 165 2663 1126 2762; baseline 0.021 -43"><span class='ocrx_word' id='word_1_106' title='bbox 165 2663 259 2721; x_wconf 88' lang='lat' dir='ltr'><strong>naceli</strong></span> <span class='ocrx_word' id='word_1_107' title='bbox 275 2681 292 2718; x_wconf 91' lang='lat' dir='ltr'><strong>v</strong></span> <span class='ocrx_word' id='word_1_108' title='bbox 307 2663 474 2724; x_wconf 81' lang='lat' dir='ltr'><strong>decembris</strong></span> <span class='ocrx_word' id='word_1_109' title='bbox 489 2668 559 2725; x_wconf 92' lang='lat' dir='ltr'><strong>anni</strong></span> <span class='ocrx_word' id='word_1_110' title='bbox 577 2670 685 2728; x_wconf 89' lang='lat' dir='ltr'><strong>LXXH.</strong></span> <span class='ocrx_word' id='word_1_111' title='bbox 791 2673 891 2734; x_wconf 70' lang='lat' dir='ltr'><strong>attia</strong></span> <span class='ocrx_word' id='word_1_112' title='bbox 906 2692 967 2736; x_wconf 88' lang='lat' dir='ltr'><strong>cor.</strong></span> <span class='ocrx_word' id='word_1_113' title='bbox 984 2679 1021 2737; x_wconf 78' lang='lat' dir='ltr'><strong>lb</strong></span> <span class='ocrx_word' id='word_1_114' title='bbox 1037 2686 1074 2739; x_wconf 87' lang='lat' dir='ltr'><strong>at.</strong></span> <span class='ocrx_word' id='word_1_115' title='bbox 1121 2745 1126 2762; x_wconf 47' lang='grc' dir='ltr'><em>Ι</em></span> 
     </span>
    </p>
   </div>
   <div class='ocr_carea' id='block_1_3' title="bbox 163 2881 748 3047">
    <p class='ocr_par' dir='ltr' id='par_1_3' title="bbox 163 2881 748 3047">
     <span class='ocr_line' id='line_1_23' title="bbox 163 2881 748 2970; baseline 0.019 -31"><span class='ocrx_word' id='word_1_116' title='bbox 163 2881 328 2943; x_wconf 83' lang='lat' dir='ltr'><strong>Solationca</strong></span> <span class='ocrx_word' id='word_1_117' title='bbox 347 2888 380 2944; x_wconf 85' lang='lat' dir='ltr'><strong>in</strong></span> <span class='ocrx_word' id='word_1_118' title='bbox 402 2885 552 2947; x_wconf 75' lang='lat' dir='ltr'><strong>nundinia</strong></span> <span class='ocrx_word' id='word_1_119' title='bbox 574 2892 748 2970; x_wconf 78' lang='lat' dir='ltr'><strong>septembr-ia</strong></span> 
     </span>
     <span class='ocr_line' id='line_1_24' title="bbox 339 2984 569 3047; baseline 0.022 -4"><span class='ocrx_word' id='word_1_120' title='bbox 339 2984 418 3044; x_wconf 83' lang='lat' dir='ltr'><strong>onai</strong></span> <span class='ocrx_word' id='word_1_121' title='bbox 437 2986 569 3047; x_wconf 83' lang='lat' dir='ltr'><em>LXXII.</em></span> 
     </span>
    </p>
   </div>
   <div class='ocr_carea' id='block_1_4' title="bbox 103 3123 1066 4013">
    <p class='ocr_par' dir='ltr' id='par_1_4' title="bbox 103 3123 1066 4013">
     <span class='ocr_line' id='line_1_25' title="bbox 202 3123 748 3206; baseline 0.015 -25"><span class='ocrx_word' id='word_1_122' title='bbox 202 3125 226 3181; x_wconf 84' lang='grc' dir='ltr'>Α</span> <span class='ocrx_word' id='word_1_123' title='bbox 247 3123 377 3201; x_wconf 76' lang='lat' dir='ltr'><strong>baptista</strong></span> <span class='ocrx_word' id='word_1_124' title='bbox 402 3126 550 3186; x_wconf 79' lang='lat' dir='ltr'><strong>bomelino</strong></span> <span class='ocrx_word' id='word_1_125' title='bbox 574 3146 627 3206; x_wconf 90' lang='lat' dir='ltr'><strong>per</strong></span> <span class='ocrx_word' id='word_1_126' title='bbox 649 3130 748 3189; x_wconf 84' lang='lat' dir='ltr'><strong>literas</strong></span> 
     </span>
     <span class='ocr_line' id='line_1_26' title="bbox 107 3224 748 3303; baseline 0.016 -22"><span class='ocrx_word' id='word_1_127' title='bbox 107 3241 136 3289; x_wconf 73' lang='lat'><strong>95</strong></span> <span class='ocrx_word' id='word_1_128' title='bbox 161 3224 266 3283; x_wconf 89' lang='lat' dir='ltr'><strong>cambii</strong></span> <span class='ocrx_word' id='word_1_129' title='bbox 288 3224 431 3303; x_wconf 88' lang='lat' dir='ltr'><strong>praelecti</strong></span> <span class='ocrx_word' id='word_1_130' title='bbox 453 3228 559 3287; x_wconf 88' lang='lat' dir='ltr'><strong>aerarii</strong></span> <span class='ocrx_word' id='word_1_131' title='bbox 582 3229 748 3292; x_wconf 85' lang='lat' dir='ltr'><strong>Helcbioris</strong></span> 
     </span>
     <span class='ocr_line' id='line_1_27' title="bbox 160 3322 745 3405; baseline 0.014 -23"><span class='ocrx_word' id='word_1_132' title='bbox 160 3322 197 3382; x_wconf 91' lang='lat' dir='ltr'><strong>de</strong></span> <span class='ocrx_word' id='word_1_133' title='bbox 222 3325 347 3384; x_wconf 86' lang='lat' dir='ltr'><strong>Herrcra</strong></span> <span class='ocrx_word' id='word_1_134' title='bbox 374 3326 479 3404; x_wconf 86' lang='lat' dir='ltr'><strong>viginti</strong></span> <span class='ocrx_word' id='word_1_135' title='bbox 504 3328 638 3405; x_wconf 87' lang='lat' dir='ltr'><strong>quinque</strong></span> <span class='ocrx_word' id='word_1_136' title='bbox 667 3331 745 3391; x_wconf 86' lang='lat' dir='ltr'><strong>mille</strong></span> 
     </span>
     <span class='ocr_line' id='line_1_28' title="bbox 159 3426 744 3510; baseline 0.012 -27"><span class='ocrx_word' id='word_1_137' title='bbox 159 3427 290 3484; x_wconf 87' lang='lat' dir='ltr'><strong>coronati</strong></span> <span class='ocrx_word' id='word_1_138' title='bbox 320 3445 372 3485; x_wconf 85' lang='lat' dir='ltr'><strong>sex</strong></span> <span class='ocrx_word' id='word_1_139' title='bbox 400 3426 563 3487; x_wconf 88' lang='lat' dir='ltr'><strong>solidorum</strong></span> <span class='ocrx_word' id='word_1_140' title='bbox 592 3430 744 3510; x_wconf 88' lang='lat' dir='ltr'><strong>anticipati</strong></span> 
     </span>
     <span class='ocr_line' id='line_1_29' title="bbox 159 3529 1066 3606; baseline 0.019 -20"><span class='ocrx_word' id='word_1_141' title='bbox 159 3546 197 3587; x_wconf 87' lang='lat' dir='ltr'><strong>xx</strong></span> <span class='ocrx_word' id='word_1_142' title='bbox 212 3531 329 3606; x_wconf 80' lang='lat' dir='ltr'><strong>augusti</strong></span> <span class='ocrx_word' id='word_1_143' title='bbox 344 3529 478 3606; x_wconf 89' lang='lat' dir='ltr'><strong>ejusdcm</strong></span> <span class='ocrx_word' id='word_1_144' title='bbox 493 3532 574 3593; x_wconf 88' lang='lat' dir='ltr'><strong>anni.</strong></span> <span class='ocrx_word' id='word_1_145' title='bbox 787 3539 887 3597; x_wconf 75' lang='lat'>25076</span> <span class='ocrx_word' id='word_1_146' title='bbox 900 3557 959 3599; x_wconf 90' lang='lat' dir='ltr'><strong>cor.</strong></span> <span class='ocrx_word' id='word_1_147' title='bbox 976 3542 1016 3601; x_wconf 80' lang='lat'><strong>56</strong></span> <span class='ocrx_word' id='word_1_148' title='bbox 1029 3552 1066 3605; x_wconf 85' lang='lat' dir='ltr'><strong>st.</strong></span> 
     </span>
     <span class='ocr_line' id='line_1_30' title="bbox 199 3629 742 3708; baseline 0.013 -22"><span class='ocrx_word' id='word_1_149' title='bbox 199 3629 244 3688; x_wconf 82' lang='lat' dir='ltr'><strong>Ab</strong></span> <span class='ocrx_word' id='word_1_150' title='bbox 267 3632 447 3708; x_wconf 83' lang='lat' dir='ltr'><strong>Hieronymo</strong></span> <span class='ocrx_word' id='word_1_151' title='bbox 469 3633 619 3691; x_wconf 83' lang='lat' dir='ltr'><strong>Lonrelino</strong></span> <span class='ocrx_word' id='word_1_152' title='bbox 638 3645 667 3693; x_wconf 86' lang='lat' dir='ltr'><strong>ct</strong></span> <span class='ocrx_word' id='word_1_153' title='bbox 683 3634 742 3692; x_wconf 87' lang='lat' dir='ltr'><strong>lra-</strong></span> 
     </span>
     <span class='ocr_line' id='line_1_31' title="bbox 103 3730 744 3807; baseline 0.003 -16"><span class='ocrx_word' id='word_1_154' title='bbox 103 3743 133 3791; x_wconf 74' lang='lat'><strong>³0</strong></span> <span class='ocrx_word' id='word_1_155' title='bbox 158 3730 321 3807; x_wconf 84' lang='lat' dir='ltr'><strong>tribuaper</strong></span> <span class='ocrx_word' id='word_1_156' title='bbox 332 3731 431 3790; x_wconf 86' lang='lat' dir='ltr'><strong>literas</strong></span> <span class='ocrx_word' id='word_1_157' title='bbox 444 3732 619 3792; x_wconf 78' lang='lat' dir='ltr'><strong>balthasaris</strong></span> <span class='ocrx_word' id='word_1_158' title='bbox 634 3735 744 3793; x_wconf 84' lang='lat' dir='ltr'><strong>Catane</strong></span> 
     </span>
     <span class='ocr_line' id='line_1_32' title="bbox 157 3832 869 3913; baseline 0.008 -23"><span class='ocrx_word' id='word_1_159' title='bbox 157 3832 351 3909; x_wconf 82' lang='lat' dir='ltr'><strong>quadraginta</strong></span> <span class='ocrx_word' id='word_1_160' title='bbox 366 3846 424 3892; x_wconf 88' lang='lat' dir='ltr'><strong>tres</strong></span> <span class='ocrx_word' id='word_1_161' title='bbox 436 3833 515 3892; x_wconf 86' lang='lat' dir='ltr'><strong>mille</strong></span> <span class='ocrx_word' id='word_1_162' title='bbox 526 3836 657 3894; x_wconf 91' lang='lat' dir='ltr'><strong>coronati</strong></span> <span class='ocrx_word' id='word_1_163' title='bbox 667 3836 744 3913; x_wconf 81' lang='lat' dir='ltr'><strong>ejus·</strong></span> <span class='ocrx_word' id='word_1_164' title='bbox 865 3892 869 3913; x_wconf 76' lang='lat'>,</span> 
     </span>
     <span class='ocr_line' id='line_1_33' title="bbox 156 3933 742 4013; baseline 0.012 -22"><span class='ocrx_word' id='word_1_165' title='bbox 156 3933 224 3992; x_wconf 86' lang='lat' dir='ltr'><strong>dem</strong></span> <span class='ocrx_word' id='word_1_166' title='bbox 242 3934 350 3993; x_wconf 84' lang='lat' dir='ltr'><strong>valoris</strong></span> <span class='ocrx_word' id='word_1_167' title='bbox 366 3953 403 3993; x_wconf 80' lang='lat' dir='ltr'><strong>xo</strong></span> <span class='ocrx_word' id='word_1_168' title='bbox 421 3934 587 3995; x_wconf 86' lang='lat' dir='ltr'><strong>decembris</strong></span> <span class='ocrx_word' id='word_1_169' title='bbox 608 3937 742 4013; x_wconf 85' lang='lat' dir='ltr'><strong>ejusdcm</strong></span> 
     </span>
    </p>
   </div>
   <div class='ocr_carea' id='block_1_5' title="bbox 156 4034 1065 4107">
    <p class='ocr_par' dir='ltr' id='par_1_5' title="bbox 156 4034 1065 4107">
     <span class='ocr_line' id='line_1_34' title="bbox 156 4034 1065 4107; baseline 0.017 -15"><span class='ocrx_word' id='word_1_170' title='bbox 156 4034 227 4092; x_wconf 92' lang='lat' dir='ltr'><strong>anni</strong></span> <span class='ocrx_word' id='word_1_171' title='bbox 243 4035 354 4094; x_wconf 85' lang='lat' dir='ltr'><strong>Lxxtt.</strong></span> <span class='ocrx_word' id='word_1_172' title='bbox 786 4041 885 4102; x_wconf 66' lang='lat'>59692</span> <span class='ocrx_word' id='word_1_173' title='bbox 900 4060 958 4102; x_wconf 88' lang='lat' dir='ltr'><strong>cor.</strong></span> <span class='ocrx_word' id='word_1_174' title='bbox 977 4047 1015 4106; x_wconf 75' lang='lat' dir='ltr'><strong>ta</strong></span> <span class='ocrx_word' id='word_1_175' title='bbox 1029 4059 1065 4107; x_wconf 87' lang='lat' dir='ltr'><strong>st.</strong></span> 
     </span>
    </p>
   </div>
   <div class='ocr_carea' id='block_1_6' title="bbox 0 0 1528 4836">
    <p class='ocr_par' dir='ltr' id='par_1_6' title="bbox 0 0 1528 4836">
     <span class='ocr_line' id='line_1_35' title="bbox 0 0 1528 4836; baseline 0 0"><span class='ocrx_word' id='word_1_176' title='bbox 0 0 1528 4836; x_wconf 95' lang='lat' dir='ltr'><strong> </strong></span> 
     </span>
    </p>
   </div>
  </div>
 </body>
</html>
