3046 4836
750 464 767 565 (
798 465 866 537 uo
887 474 903 556 t

348 672 465 737 Relatio
483 671 628 754 pecuniae
642 677 777 744 acceptae
790 673 817 722 et
831 664 894 724 riis·

306 775 435 838 tributae
466 779 498 832 iu
533 768 714 841 rationibus,
751 784 825 846 quos
859 783 896 825 ea

306 878 413 940 ordine
438 872 690 936 illustrissimis!
713 866 896 928 excutientis·

306 981 380 1040 simi
392 977 507 1039 domiai
525 972 672 1037 Ludouiai
685 970 721 1032 oe
737 974 897 1051 Requesens

309 1078 558 1141 commendatoris
572 1075 701 1133 Maioris
717 1072 859 1131 Custitioe
869 1081 896 1130 et

308 1180 482 1242 consiliarii
495 1187 593 1238 status
606 1176 716 1256 Roaiae
729 1175 897 1234 Maiestatis

309 1280 651 1365 ejasqaeouberoatoris
660 1287 686 1336 et
695 1280 789 1335 iocum
802 1283 900 1334 terreu-

310 1384 349 1443 tis
366 1393 392 1443 et
412 1381 497 1442 ducis
516 1374 667 1459 quaerulis
689 1377 722 1435 irs
744 1374 791 1435 iris
813 1375 898 1435 stati·

308 1487 363 1544 irus
381 1480 569 1543 Fiaarierieis
586 1478 696 1558 aceepit
709 1498 727 1535 o
740 1479 899 1536 Francisao

310 1583 450 1644 tiaatuto
484 1580 616 1643 solatore
650 1579 714 1659 ejus
749 1576 897 1636 exereitus

310 1695 452 1769 quaestor
479 1685 610 1744 Jooaoes
640 1679 842 1741 Nouarretius
877 1697 896 1737 u

311 1806 378 1848 xxix
395 1784 561 1848 novembris
577 1784 654 1844 orsoi
667 1782 820 1845 LXXIII,
838 1799 898 1862 quo

311 1892 420 1968 aceepit
444 1886 627 1969 praedictam
651 1883 894 1965 qaireroatiooem

312 2008 407 2070 usqae
442 1988 482 2048 oti
516 1986 608 2068 finem
644 1983 797 2064 februarii
825 1983 901 2043 onai

313 2091 425 2151 LXXV
449 2108 505 2167 per
529 2087 648 2148 modum
677 2084 896 2145 aestimationis

310 2195 401 2274 (quoe
436 2188 544 2251 relatio
578 2188 761 2249 transmissa
794 2197 836 2247 est
867 2190 898 2245 m

313 2293 497 2374 Hispaniam
516 2290 557 2350 att
571 2293 692 2368 Roaiam
711 2291 896 2349 Maiestatem

312 2393 481 2470 subscripta
501 2412 594 2452 rnoau
615 2391 746 2471 ejusdem
762 2401 899 2472 quaesto·

313 2501 357 2558 ris
373 2496 559 2572 Naourretii)
573 2504 599 2556 et
611 2502 713 2571 posteo
736 2513 754 2552 o
775 2511 782 2550 ι
799 2491 902 2551 retortii

313 2600 390 2660 uasti
410 2600 498 2659 LXX
506 2599 529 2655 V
546 2615 599 2677 per
618 2596 740 2655 euredum
762 2600 899 2673 quaesto·

313 2720 375 2762 rem
388 2711 413 2759 et
426 2710 607 2780 quaestorem
621 2694 806 2777 alphonsum
822 2693 902 2752 Atto·

312 2803 442 2863 meriiam
470 2817 562 2880 usque
589 2818 609 2856 a
642 2816 659 2855 v
689 2792 797 2855 martii
827 2796 901 2854 onai

313 2900 460 2976 LXXVI,
478 2921 536 2984 quo
554 2897 679 2961 excessit
700 2898 792 2958 evito
813 2914 902 2975 proe-

313 3005 413 3066 diatus
424 3001 565 3062 dissuimus
577 2997 813 3059 Commeudotar.
828 3000 904 3056 Con·

315 3108 428 3166 tioetar
438 3113 593 3182 praetereo
608 3100 640 3159 ia
655 3097 703 3158 iris
718 3097 900 3173 rationibus,

315 3203 465 3290 quioquid
485 3212 551 3284 post
574 3198 659 3262 iltius
682 3199 790 3258 obitum
810 3217 903 3274 pecu·

316 3309 386 3369 aiae
402 3304 548 3367 traditum
568 3314 608 3364 est
621 3302 713 3362 eidem
729 3298 859 3361 solatori
876 3309 902 3359 ot

315 3429 371 3492 per
389 3405 509 3468 eundem
528 3404 726 3465 distributam
745 3420 781 3460 eu
798 3400 904 3461 ordine

317 3522 344 3573 et
356 3508 452 3571 literis
466 3504 624 3568 satutariis
636 3501 824 3563 dousiaorum
837 3521 906 3562 ooo·

317 3611 508 3674 sitioriurum
536 3616 631 3669 status
652 3607 748 3684 justo
775 3603 906 3664 ordimem

319 3715 425 3792 Reqiue
444 3707 613 3770 Maiestatis
634 3724 731 3789 usquo
754 3707 793 3763 aa
813 3703 904 3784 sinam

311 3813 390 3895 julii
431 3812 613 3893 insequentis
659 3805 786 3887 ejusdem
833 3802 907 3863 oaesi

320 3911 463 3975 LXXVI.
