3046 4836
749 457 901 552 (tto)

343 654 490 715 Dominus
501 656 666 715 Ludooieus
681 656 716 713 de
730 655 894 733 dequestus
907 653 1136 716 Commemiotor
1148 658 1250 735 riloior
1261 660 1334 721 Cns-

301 753 396 816 tittine
424 757 532 830 Repiac
556 754 727 814 Maiestatis
752 752 948 815 consiliarius
978 754 1011 815 in
1039 755 1127 817 rebus
1151 769 1248 819 status
1272 762 1334 840 ejus

302 854 488 917 Gubernator
496 853 696 917 Ioeurutenens
704 865 730 914 et
737 852 977 930 titruprimurius
990 859 1332 920 instatibusFtnndriac.

341 957 486 1031 Quoniam
518 956 688 1015 Franciseus
719 955 866 1015 Lixatdius
895 958 1009 1016 sotutor
1042 959 1189 1019 exereitus
1225 963 1332 1038 Regiae

301 1059 460 1121 Maiestatis
480 1060 508 1118 in
531 1058 576 1117 bis
594 1058 720 1117 statibus
736 1055 821 1116 nobis
837 1057 948 1124 retulit,
964 1058 1041 1134 qarod
1060 1061 1160 1137 vigore
1175 1061 1327 1139 cujusdam
1370 1075 1386 1120 s

295 1162 416 1240 jussorii
441 1160 548 1239 scripti
565 1158 676 1218 domini
702 1158 789 1217 Ducis
811 1157 914 1216 Albani
937 1158 995 1217 dati
1018 1161 1169 1221 drursseitis
1184 1182 1212 1221 ιιι
1228 1166 1329 1239 attritis

299 1264 368 1323 anni
382 1261 532 1341 praeteriti
547 1261 632 1321 LXX!
649 1259 726 1318 idem
746 1261 810 1317 Data
824 1259 955 1318 ultianus
972 1260 1100 1338 injunxit
1112 1263 1217 1322 ioanni
1232 1267 1329 1325 issou-

300 1366 337 1426 tia
368 1365 511 1443 provisori
540 1364 670 1441 generati
703 1361 869 1421 triremium
906 1362 1140 1459 tiispaniearum3
1175 1375 1206 1425 ut
1238 1369 1327 1429 iniret

296 1465 530 1529 aestimationem
560 1464 701 1540 pecuniae
733 1462 828 1521 eidem
867 1462 995 1521 Lixaidio
1028 1465 1200 1524 eonrrnissac
1228 1487 1263 1526 ex
1292 1489 1326 1529 eo

297 1581 441 1644 ternpore,
456 1566 614 1643 quaestio
630 1584 664 1624 eo
678 1565 775 1624 officio
790 1573 820 1623 et
836 1584 889 1643 per
904 1583 971 1623 eum
987 1564 1163 1626 distributae
1190 1568 1218 1626 in
1245 1589 1327 1629 exer·
1353 1580 1384 1628 ιο

296 1671 355 1729 citu
382 1676 441 1727 tom
469 1666 602 1746 peditum
620 1685 708 1743 quain
725 1665 858 1742 equitum
874 1665 1063 1724 collectorum
1089 1676 1118 1725 et
1140 1678 1324 1730 retentorum

296 1771 325 1830 in
338 1768 492 1830 servitium
505 1768 612 1845 Regiae
625 1767 782 1826 Maiestatis
793 1778 845 1826 aut
855 1767 910 1825 aiia
922 1768 1058 1842 quamvis
1071 1766 1196 1837 ratione,
1207 1781 1235 1829 et
1246 1773 1323 1848 qarod

294 1874 395 1949 vigore
410 1868 677 1947 ejusdemjussorii
703 1869 805 1946 scripti
832 1867 998 1946 praedictus
1024 1869 1160 1945 provisor
1185 1869 1271 1931 inivit
1296 1884 1324 1932 et

295 1982 469 2053 persecutus
481 1982 525 2030 est
538 1969 715 2048 praedictam
729 1970 962 2029 aestimationem
976 1972 1112 2047 usquead
1125 1971 1322 2054 itnenisupm·

294 2077 364 2136 dieti
389 2075 460 2133 anni
488 2073 584 2142 uxxt,
611 2090 690 2130 utine
716 2090 787 2130 vero
812 2069 891 2130 idem
913 2071 1027 2132 soiutor
1048 2075 1132 2149 petiit
1148 2094 1162 2132 a
1181 2076 1275 2149 nobis,
1292 2088 1323 2136 ut
1350 2091 1381 2138 ιι

290 2178 374 2255 juxta
406 2172 589 2251 praedictum
620 2173 754 2231 ordinem
784 2172 870 2231 Ducis
896 2172 999 2232 dibani
1026 2173 1201 2250 juberemus
1226 2178 1322 2274 eidem

294 2273 439 2355 provisori
465 2275 602 2342 issuntio,
629 2284 661 2332 ut
688 2273 894 2351 progrediatur
916 2275 945 2332 in
969 2275 1070 2334 eadem
1088 2278 1320 2338 aestimationca

292 2376 440 2456 ajanuarii
454 2376 524 2435 anni
543 2376 640 2435 txxtt
658 2375 801 2451 usquead
819 2375 909 2435 iinern
926 2377 1095 2437 novembris
1108 2379 1179 2437 antri
1197 2381 1319 2452 exxttl,

288 2502 348 2560 quo
365 2479 684 2560 praedictusdominus
710 2477 770 2536 ιΙιιιι
797 2478 915 2554 reliquit
940 2478 1186 2555 gubernationem
1212 2482 1318 2543 borum

288 2592 429 2654 statuunt,
443 2600 501 2659 qua
517 2598 550 2639 re
564 2576 766 2638 animadversa
782 2587 822 2651 et,
836 2578 905 2654 quia
924 2580 1012 2656 Regia
1030 2580 1163 2640 Maiestas
1186 2583 1317 2643 nondum
1344 2603 1377 2649 oo

287 2684 430 2743 iraetenus
447 2679 614 2741 nominavit
627 2696 803 2756 utrosquam,
818 2678 867 2754 qui
890 2678 1034 2757 accipiant
1057 2689 1086 2738 et
1108 2680 1254 2742 diffiniant
1268 2704 1318 2745 eas

286 2786 425 2852 rationes,
450 2783 630 2859 ignoramus,
658 2781 687 2839 iu
718 2799 776 2856 quo
805 2787 882 2837 statu
911 2779 981 2850 siut,
1011 2779 1157 2840 habeatne
1181 2786 1259 2861 apud
1286 2806 1318 2846 se

283 2886 412 2959 ntiquom
426 2883 567 2960 precttniae
578 2898 734 2950 summam,
747 2898 803 2956 qua
817 2878 916 2955 juvari
933 2897 1086 2957 possemus
1101 2883 1137 2940 ad
1155 2892 1196 2941 tot
1210 2896 1317 2944 tantos·

283 3005 340 3062 que
356 2992 492 3059 sumptus
506 2994 625 3058 tamque
638 2982 829 3052 trecassenus,
841 2979 951 3057 quibus
968 2980 996 3040 in
1011 3000 1150 3058 praesens
1164 3003 1315 3061 surgeram,

282 3097 370 3162 atquo
385 3084 483 3152 etiam,
503 3084 571 3158 quia
597 3090 696 3140 nostra
718 3082 842 3142 interest
865 3100 1055 3159 aequumque
1070 3093 1114 3142 est
1128 3085 1165 3144 ad
1181 3098 1313 3146 nostram
1340 3106 1373 3153 aa

282 3185 520 3256 satisfactionem,
537 3196 569 3243 ut
583 3183 720 3255 sciamus,
733 3201 792 3259 quo
805 3183 892 3243 inodo
907 3185 1036 3244 rationes
1052 3185 1118 3244 ittae
1130 3205 1161 3245 sc
1176 3186 1314 3257 babeant,

280 3288 466 3349 decrevimus
495 3285 585 3363 igitur
613 3282 751 3342 ordinare
776 3295 803 3343 et
830 3286 1016 3343 ‹sonamittcre
1041 3285 1136 3344 cidem
1168 3290 1313 3365 provisori

282 3388 418 3453 lsstmtio,
435 3384 684 3463 qttemadrnodum
702 3402 756 3459 per
771 3396 941 3460 praesentes
957 3387 982 3444 ei
998 3385 1172 3447 ordinamus
1187 3402 1216 3447 et
1232 3408 1313 3449 corn-

282 3490 436 3561 mittimus,
453 3498 485 3546 ut
509 3484 620 3546 adscito
640 3487 675 3543 ad
697 3505 727 3543 se
744 3485 894 3562 praedicto
919 3488 1051 3547 solutore
1074 3489 1227 3549 Franciseo
1245 3493 1312 3550 bix·

278 3592 355 3651 atdio
375 3598 574 3675 persequatur
596 3587 795 3665 supradictam
818 3587 1051 3648 aestimationem
1071 3586 1104 3648 ea
1126 3590 1232 3665 iorma,
1252 3613 1308 3668 qua
1334 3607 1370 3655 tto

279 3696 423 3754 haetenus
434 3692 511 3758 iecit.
524 3702 582 3751 tam
595 3691 623 3748 in
637 3691 763 3749 suinmis
774 3699 911 3767 acceptae
926 3709 1014 3767 quam
1030 3692 1207 3753 distributae
1222 3714 1309 3771 pecu-

144 3807 203 3863 ttot.
216 3810 253 3862 ta,
278 3799 343 3856 niae
365 3816 379 3853 a
402 3793 572 3871 supradicto
591 3791 640 3850 dic
655 3811 663 3849 ι
675 3791 805 3869 januarii
820 3791 892 3850 anni
910 3793 1008 3852 LXXI!
1028 3812 1123 3870 arsque
1146 3797 1182 3853 ad
1207 3796 1307 3872 tinacia

276 3897 447 3956 novembris
458 3895 527 3953 anni
542 3893 666 3966 Lxxttt,
678 3893 930 3968 quemadmodum
942 3893 1054 3953 dietum
1067 3907 1121 3967 est,
1134 3898 1310 3956 examinatis

273 3996 397 4056 summis
412 3994 630 4055 distributionis
642 4012 709 4052 euni
721 3991 839 4072 seriptis
851 3993 1057 4073 originalibus,
1066 4015 1140 4073 quas
1149 3995 1188 4057 de
1197 3997 1309 4058 eisdem
