3056 4856
738 398 869 498 (aar

279 608 308 658 et
330 597 428 657 nautis
450 615 520 654 suae
538 614 682 674 personae
698 609 727 655 et
742 616 866 656 snorum

278 700 459 758 famulorum
475 708 504 757 at
521 698 679 757 duodecim
695 701 878 776 capitaneo·'

279 819 347 859 rum
376 811 406 859 et
433 800 590 859 duodecim
618 799 867 873 vexilliferorum,

279 902 330 980 qui
346 919 415 960 enm
431 913 502 961 sunt
516 902 657 961 comitati.
915 907 990 964 1700
1002 924 1061 964 eor.

321 1004 378 1062 Pro
393 1003 532 1079 expensis
548 1002 632 1061 iactis
646 1021 713 1060 eom
731 1003 865 1081 patribus

279 1104 498 1174 commissoriis,
510 1122 586 1180 qnos
596 1104 742 1164 Sanctitas
751 1105 867 1165 Summi

279 1205 430 1265 Pontifieis
442 1205 529 1275 misit,
543 1215 575 1263 ot
587 1206 741 1264 visitarent
753 1225 868 1266 monas·

280 1307 353 1364 teria
368 1306 508 1365 ordinum
524 1306 583 1364 divi
600 1306 745 1365 Francisei
762 1316 789 1365 et
806 1306 867 1366 divi

281 1408 427 1466 Dominiei
442 1407 472 1466 in
489 1407 535 1465 his
549 1408 685 1479 statibus,
704 1409 865 1486 octingenti

280 1507 384 1587 viginti
412 1509 472 1566 doo
503 1508 634 1567 coronati
661 1508 763 1585 viginti
789 1528 867 1567 unos
1340 1518 1368 1565 to

279 1609 385 1667 stoieri
400 1619 460 1666 tres
474 1608 563 1668 oboli.
903 1611 963 1668 822
978 1629 1038 1669 eor.
1054 1614 1087 1669 at
1107 1622 1143 1670 st.
1160 1610 1241 1670 500.

320 1711 377 1769 Pro
392 1709 455 1768 aiiis
470 1709 607 1786 expensis
623 1709 867 1768 extraordinariis

280 1823 398 1889 praeter
409 1812 547 1890 superins
563 1812 697 1887 scriptas,
713 1830 789 1887 qnae
804 1811 864 1869 sae-

280 1925 325 1972 tae
347 1922 417 1972 sont
433 1913 463 1970 io
479 1913 616 1971 diversos
640 1912 730 1970 rebus
752 1914 864 1971 servitii

277 2016 383 2092 Regiae
398 2014 564 2085 Maiestatis,
582 2013 629 2071 iric
644 2015 760 2073 omissis
777 2034 865 2093 prop-

277 2129 320 2174 tor
335 2115 532 2191 prolixitatem
550 2126 579 2173 et
594 2114 735 2174 minutias
751 2127 864 2192 septem

275 2217 355 2276 miiie
379 2216 588 2295 quadringenti
617 2218 775 2295 nonaginta
804 2231 864 2276 tres

275 2318 407 2376 coronati
429 2316 529 2376 docem
556 2331 583 2376 et
610 2336 718 2377 novem
745 2318 861 2378 stnferi.
905 2322 1167 2382 rossontensi.

314 2420 436 2478 Snmmn
470 2418 567 2498 ipitnr
600 2420 743 2478 universo
773 2421 866 2479 totino

275 2516 862 2600 expensiexpraediotissnmnaisomni·

273 2625 326 2681 bns
341 2620 560 2681 aestimationis
582 2630 610 2680 et
631 2621 786 2682 rationum
802 2622 864 2681 ini-

275 2732 376 2783 tnrnnn
389 2744 407 2781 a
422 2723 578 2803 prorisore
590 2725 710 2782 Joonne
732 2723 866 2783 Issnntio

273 2828 308 2882 e'x
347 2832 472 2903 ternpore
508 2820 735 2901 pobernotr'onie
770 2825 865 2882 Dacis

274 2922 385 2984 Albani
399 2943 494 3005 nsqrre
508 2922 548 2982 od
560 2922 649 3001 finem
665 2926 741 2982 oniti
755 2925 865 2983 LXXI

139 3038 151 3097 11
161 3037 199 3086 tot.
215 3037 253 3089 35.
276 3044 456 3105 onnsnrpens
471 3036 517 3082 est
528 3045 534 3082 :
547 3021 559 3097 ΙΙ

314 3131 429 3205 Septem
447 3123 595 3185 militenen
606 3130 747 3205 norperti
758 3127 865 3206 vipinn'

274 3241 380 3307 septem
399 3225 480 3286 mille
498 3227 628 3287 sexcenti
647 3239 705 3286 tres
725 3228 864 3286 coronati

275 3333 373 3391 decem
385 3338 410 3388 et
426 3338 487 3388 orto
501 3328 611 3406 stns'eri
629 3331 688 3388 dno
708 3327 794 3388 oboli.
810 3330 858 3406 (t).
903 3330 1043 3389 7907603
1056 3348 1116 3388 eor.
1129 3332 1167 3389 ta
1183 3335 1249 3392 sti
1260 3333 1308 3391 ob.

316 3610 356 3682 (i)
375 3610 428 3662 Par
442 3607 585 3660 i’addition
599 3607 632 3659 de
646 3614 733 3660 tontes
747 3608 784 3660 les
802 3622 918 3658 sommas
933 3607 980 3660 des
994 3605 1131 3675 depensos,
1151 3624 1187 3660 on
1205 3609 1310 3661 obtient

277 3709 301 3760 te
315 3705 380 3758 total
393 3703 426 3756 de
439 3700 588 3765 asarmot
602 3719 654 3754 eor.
665 3699 698 3751 ts
718 3702 782 3768 stns.
797 3696 818 3748 5
830 3702 869 3753 ob.
880 3701 942 3753 Cela
961 3701 1012 3752 fait
1025 3717 1078 3753 une
1094 3700 1239 3754 differente
1255 3719 1308 3772 peu
1334 3714 1364 3761 30

275 3805 439 3874 importante
453 3799 592 3850 d'environ
609 3796 663 3850 t00
677 3798 779 3850 dueats.
802 3814 835 3848 en
857 3807 1014 3866 comparant
1035 3805 1103 3849 cette
1123 3813 1225 3849 somme
1246 3795 1260 3850 ia
1283 3800 1306 3851 ia

276 3913 378 3954 sommo
397 3894 554 3964 marginata.
575 3894 617 3947 On
638 3901 734 3945 trouve
753 3909 849 3945 encore
870 3908 923 3943 une
937 3899 1015 3944 autre
1028 3893 1253 3946 communication
1269 3894 1307 3946 du

277 3996 342 4051 total
363 3993 409 4046 des
428 3990 559 4060 depensos
579 4008 614 4043 au
634 3992 745 4059 registro
759 3989 816 4057 (tot.
831 3987 897 4058 tr);
914 3996 982 4041 nette
995 4005 1097 4042 somnia
1117 3986 1211 4041 differe
1230 3992 1263 4043 de
1281 3992 1306 4043 it

276 4107 377 4148 somme
391 4085 504 4142 cinotdo
518 4085 561 4139 d'ir
575 4103 627 4157 peu
643 4082 704 4156 pres
719 4084 735 4136 6
749 4086 851 4137 dueats.
