3056 4856
636 461 764 557 (⁴9)

176 655 220 703 cst
236 664 290 723 per
303 648 442 708 Cosmum
463 654 632 731 alariarum,
649 660 701 734 qui
724 661 760 719 de

173 764 206 806 ea
223 749 345 824 pecnnia
358 749 439 810 dedit
452 752 552 814 literas
563 756 600 815 ad
610 759 755 820 loannem

173 846 361 909 Flamencam
396 852 589 915 Thomasium
625 859 758 921 Fieseum

172 960 201 1006 et
216 950 339 1008 Petrum
354 952 518 1030 spinulam,
533 958 584 1031 qui
603 958 682 1018 illam
699 981 757 1020 nu-

131 1057 146 1103 a
172 1063 327 1110 merarunt
351 1070 452 1112 mense
476 1067 600 1135 augusto
625 1068 653 1118 et
686 1081 754 1138 sep-

170 1150 279 1209 temBri
313 1151 445 1212 eiusdem
474 1157 544 1214 anni
577 1160 754 1220 tt.o.txvtt

169 1255 336 1331 octuaginta
346 1257 524 1334 onagrossis
535 1266 564 1319 et
575 1260 672 1320 tribus
683 1282 753 1341 qna·

168 1352 325 1412 drantibus
340 1355 370 1413 in
386 1356 519 1437 singulos
532 1373 687 1423 coronatos
703 1366 751 1443 (l).
797 1371 913 1430 toaoao
929 1391 988 1431 cor.
1007 1378 1042 1434 t5
1058 1387 1085 1435 st

210 1457 316 1515 Decem
331 1468 360 1515 et
371 1475 421 1516 sex
432 1458 513 1518 mille
524 1473 644 1522 eentum
656 1477 685 1524 et
696 1466 748 1526 de-

110 1567 141 1613 to
166 1575 230 1616 cem
241 1568 396 1617 coronatos
405 1559 546 1618 tredecim
558 1563 687 1625 staleros
698 1588 749 1628 sex

165 1658 267 1718 obolos
285 1677 338 1736 pro
352 1660 521 1735 quindecim
540 1664 620 1724 mille
636 1677 748 1728 trecea·

167 1761 202 1819 tis
234 1760 383 1838 sexaginta
412 1773 478 1820 octo
506 1768 654 1825 coronatis
683 1789 750 1829 com

166 1861 263 1933 tertio,
285 1859 336 1936 qui
357 1861 473 1920 remissi
493 1875 564 1923 sunt
585 1867 750 1929 Mediolano

165 1965 363 2040 antwerpiam
379 1981 394 2020 a
408 1963 557 2038 praedicto
568 1965 685 2027 Nicolao
698 1971 746 2027 cta

109 2073 138 2119 15
165 2082 267 2122 menso
302 2063 465 2140 septembri
503 2066 642 2141 praedicti
674 2072 745 2129 anni

162 2163 323 2220 ttotxvtt
337 2163 503 2240 octuaginta
519 2177 548 2223 et
561 2186 621 2227 uno
635 2173 744 2247 grossis

162 2275 193 2322 et
206 2274 320 2341 septem
340 2264 449 2347 octavis
465 2266 495 2322 in
513 2267 646 2345 singulas
667 2273 746 2331 millo

161 2376 190 2424 et
211 2367 387 2444 quingentos
408 2368 438 2424 in
461 2369 592 2427 Pascuali
619 2373 740 2448 Spionia

162 2485 216 2543 per
239 2466 339 2525 literas
366 2467 472 2526 cambii
501 2471 583 2529 Pauli
612 2475 741 2534 Caesaris

104 2568 133 2616 ⁹0
159 2578 187 2626 et
208 2567 329 2626 loannis
349 2568 497 2651 Baptistae
515 2571 604 2645 Fridi,
617 2574 696 2633 mille
712 2586 741 2634 et
813 2641 815 2646 ,

158 2666 261 2746 viginti
280 2685 372 2726 unum
387 2677 417 2726 et
438 2679 568 2745 quatuor
581 2673 691 2733 solidas
711 2676 741 2733 in

155 2770 269 2827 loanne
284 2768 412 2845 Baptista
428 2770 583 2831 Flamenco
605 2793 659 2851 per
673 2776 735 2834 lite·

156 2887 202 2926 ras
215 2868 335 2929 loannis
351 2869 497 2945 Baptistae
509 2872 595 2930 Batte
606 2883 635 2932 et
647 2876 737 2933 socio-

155 2987 221 3026 rntn
235 2979 264 3027 ct
274 2987 325 3026 sex
337 2968 417 3027 anille
429 2979 575 3030 trecentos
590 2973 692 3034 decem
708 2977 737 3033 in

100 3071 130 3120 25
156 3070 243 3128 Petro
259 3069 470 3146 christophoro
491 3083 520 3131 et
539 3075 627 3133 Petro
643 3077 738 3134 Fran-

153 3171 229 3229 cisco
244 3169 367 3248 Spinula
380 3189 432 3248 per
447 3172 548 3232 literas
559 3173 641 3234 Pauli
655 3177 738 3234 Pele-

152 3272 196 3350 gri
213 3270 254 3349 (ἓ)
275 3271 327 3347 qui
349 3273 481 3331 coronati
503 3293 571 3333 euna
594 3286 736 3352 quatuor-

187 3561 228 3628 (tt
249 3559 372 3625 402‚083
391 3578 442 3614 eor.
469 3563 513 3630 (de
542 3562 576 3612 39
603 3564 680 3633 stus.)
696 3571 721 3617 ÷
738 3562 774 3614 l3
798 3567 864 3631 stuf.
891 3569 982 3620 valent
1009 3578 1103 3624 autant
1130 3588 1182 3639 que

150 3653 249 3718 9953!
264 3674 315 3707 cor.
330 3657 375 3724 (da
389 3657 425 3706 to
438 3658 514 3722 stuf.)
532 3663 557 3709 ÷
574 3656 606 3707 lt)
621 3659 684 3721 stuf.
701 3658 743 3710 On
755 3661 780 3712 le
794 3663 896 3730 copiste
911 3665 973 3715 s'est
987 3665 1100 3733 trompe'‚
1115 3682 1149 3718 ou
1162 3669 1180 3718 il

96 3763 126 3810 30
150 3768 184 3804 nc
203 3753 279 3821 s'agit
298 3768 345 3821 pas
365 3754 432 3804 dans
447 3753 470 3804 lc
492 3761 563 3805 texte
577 3754 610 3805 do
623 3754 714 3806 ducati
730 3755 763 3806 dc
775 3754 812 3804 to
826 3758 932 3826 stofert’,
947 3759 1015 3810 mais
1033 3760 1065 3810 ae
1086 3760 1180 3813 dueats

149 3848 195 3915 qui
209 3848 300 3900 valent
314 3848 382 3915 plus.

187 3942 227 4010 (B)
248 3944 301 3995 Des
320 3950 407 4011 postes
427 3942 546 3996 nonimcs
567 3961 600 3997 nc
622 3943 722 3998 resulto
741 3963 795 4016 que
814 3950 838 3999 la
856 3964 958 4001 somme
976 3949 1009 4001 tle
1033 3947 1112 4007 ΝΜ
1128 3967 1180 4002 cor.

149 4043 165 4092 l
179 4039 256 4090 solid.
