3056 4856
637 431 764 545 <rto
865 443 867 447 ’

193 637 292 690 tarum
352 640 572 709 argenteam,
631 631 781 707 quomodo

193 740 330 809 acceptae
355 731 440 791 luere
465 751 481 790 a
505 732 721 791 mercatoribus
744 733 779 790 ad

195 844 351 892 coronatos
369 844 504 892 aureatus
530 833 560 891 in
586 852 670 904 auro,
691 852 780 910 qrrum

196 951 252 1013 pro
266 935 409 1013 temporis
422 934 566 993 brevitate
581 944 610 994 et
624 935 783 1009 securitate

156 1044 171 1090 tt
196 1035 329 1114 ejusdem
345 1036 498 1114 pecuniae,
514 1048 548 1096 ut
561 1036 733 1096 deferretur
743 1038 778 1094 ad

195 1149 300 1209 castra,
311 1137 360 1197 ubi
371 1137 576 1197 distribuenda
589 1150 737 1211 erat,cum
751 1156 786 1197 eo
893 1179 895 1183 .

198 1247 412 1318 tempore‚quo
423 1239 572 1299 amandati
589 1240 783 1311 lueruntmi·

197 1340 264 1399 lites
280 1341 444 1399 noluerunt
464 1341 598 1418 accipere
620 1339 785 1416 praedictos

198 1454 354 1502 coronatos
379 1459 414 1499 co
438 1443 544 1519 pretio,
561 1459 622 1518 quo
643 1442 783 1500 constite-

146 1550 176 1596 t0
200 1544 320 1602 mnam
332 1561 369 1601 ne
380 1552 498 1619 tempus
513 1542 622 1602 lrarstra
636 1554 785 1602 tereretur

201 1643 232 1703 in
249 1643 357 1721 Regiae
375 1643 534 1702 Maiestatis
552 1643 785 1714 incommodum,

202 1745 332 1805 concessi
369 1745 425 1803 illis
461 1744 544 1804 luere
580 1745 695 1819 maiori,
731 1764 790 1820 qup

163 1858 165 1863 ’
205 1849 301 1926 potuit
316 1847 392 1922 ficri,
407 1849 513 1926 pretio.
530 1849 606 1907 Haec
623 1848 715 1926 igitur
725 1847 787 1925 jac-

206 1961 290 2008 turae
314 1947 480 2007 effecerunt
501 1967 647 2008 summam
667 1959 794 2026 quatuor

151 2055 180 2102 tt
206 2049 331 2108 millium
346 2060 465 2108 centum
481 2048 647 2126 octuaginta
660 2050 793 2125 quinque

204 2162 414 2210 coronatorum
437 2150 557 2226 triginta
583 2168 632 2207 sex
660 2149 790 2209 stulero·

161 2246 164 2251 ’
205 2270 283 2311 rum.
830 2253 912 2323 4185
926 2270 986 2311 cor.
1002 2252 1041 2310 to
1058 2263 1095 2323 sn

246 2354 354 2416 tacebo
365 2355 402 2414 de
415 2355 562 2429 Gueimes‚
578 2357 628 2432 qui
641 2375 676 2415 ex
690 2355 794 2415 ordino

210 2456 299 2516 Ducis
314 2456 419 2516 Albani
435 2467 464 2515 et
477 2456 541 2515 loco
557 2457 689 2534 ejusdcm
712 2457 795 2515 solu-

154 2571 184 2618 m
211 2557 284 2616 toris
305 2556 456 2635 prolectas
479 2566 525 2616 est
551 2557 581 2615 iu
606 2555 740 2631 Galliam,
763 2568 796 2615 ut

210 2659 323 2717 adesset
339 2659 438 2717 comiti
454 2658 671 2718 Mansvcldensi
688 2660 718 2716 in
733 2657 796 2717 olli·

209 2759 254 2819 cio
281 2760 420 2820 solutoris
449 2771 507 2818 tam
533 2760 568 2818 ad
595 2760 796 2837 recipiendum

211 2860 367 2938 pecuniam
406 2859 436 2919 in
476 2860 598 2920 Galliam
641 2862 795 2919 remissam

211 2980 300 3039 qoam
321 2961 351 3019 in
369 2959 464 3039 ipsius
482 2961 700 3029 distributione,
715 2959 799 3037 juxta

157 3077 187 3126 tlt
214 3060 643 3140 instructionesipsiexliibitas
655 3060 802 3138 adsump-

215 3174 271 3232 tus,
280 3181 355 3241 quos
366 3161 436 3222 lecit
447 3173 505 3222 tam
519 3163 549 3223 in
562 3162 801 3223 itineribuscele·

105 3320 110 3326 .
215 3263 301 3324 ribus
326 3264 410 3342 equis
431 3263 572 3343 conlectis
593 3264 628 3324 ad
653 3266 742 3325 multa
773 3275 802 3322 et

215 3366 332 3425 diversa
352 3367 412 3425 loca
433 3366 566 3444 ejusdem
582 3367 698 3426 comitis
716 3364 801 3442 jussu

218 3485 272 3545 pro
286 3467 488 3543 acceptatione
502 3479 532 3527 et
547 3467 715 3544 receptione
727 3466 803 3543 ejus·

160 3587 192 3636 au
217 3569 285 3628 dem
298 3568 440 3647 pecuniae
452 3578 482 3627 et
496 3567 669 3627 devectione
682 3567 760 3625 illius
771 3567 802 3625 in

218 3679 313 3728 castra
333 3677 364 3728 ct
385 3669 415 3727 in
439 3668 503 3727 aliis
524 3667 626 3728 officiis
649 3680 679 3727 et
702 3685 804 3727 neces·

218 3770 303 3830 soriis
318 3768 408 3829 rebus
420 3778 449 3829 et
461 3770 492 3829 in
504 3789 593 3828 curru
607 3769 704 3831 tribus
720 3769 804 3844 equis

219 3884 322 3945 tracto,
344 3890 432 3948 quem
455 3870 654 3931 circumduxit
679 3878 741 3933 toto
771 3887 805 3927 eo

220 3982 354 4049 tempore
379 3990 447 4030 cum
477 3971 610 4048 pecunia,
636 3988 724 4047 quam
753 3987 807 4046 pro
