3056 4856
763 450 899 547 (is)

316 648 443 707 Martino
464 646 500 706 dc
524 648 645 715 Unecta,
665 646 791 705 Martino
812 646 849 705 dc
871 646 1042 724 Eguiguren
1065 655 1094 706 et
1113 645 1292 705 Gondizalvo
1314 646 1350 705 de

312 748 456 809 Redondo
488 746 693 807 habitantibus
722 747 928 825 Antwcrpiae,
964 747 1015 805 ubi
1048 748 1104 806 iuit
1135 747 1348 825 transcriptum

315 851 407 909 xvtu
421 849 500 928 junii
516 849 693 908 musxxt
716 849 814 921 Quare
838 861 868 907 et
888 849 1013 926 opposui
1036 847 1085 907 hic
1103 866 1203 908 mcum
1219 845 1348 926 sigilium

315 963 343 1010 et
359 950 476 1009 firmam
494 950 641 1009 usitatam.

952 1102 1058 1160 Petrus
1081 1101 1266 1176 Veiosquius.

316 1394 532 1455 Fertiinandus
548 1392 677 1454 Aisaros
692 1416 710 1454 a
730 1393 848 1455 Tholcto
864 1398 936 1455 Duc
948 1394 1081 1458 Albanus
1096 1398 1233 1458 Marchio
1245 1397 1350 1456 Coriue

359 1496 457 1556 Comes
478 1493 680 1556 Saivetierrcc
693 1499 864 1576 primarius
878 1497 1046 1576 praefectus
1061 1500 1165 1559 domus
1181 1497 1350 1578 Maiestatis

357 1599 465 1676 chiec
486 1604 513 1656 ct
534 1597 597 1656 eius
617 1594 796 1676 pubcrnctor
817 1596 914 1658 locum
938 1606 1038 1659 tenens
1058 1608 1086 1660 ct
1106 1598 1169 1660 duc
1180 1602 1350 1677 primarius

359 1699 391 1756 in
413 1697 461 1757 iris
485 1695 648 1758 Fiondrioc
668 1698 807 1759 statibus.

356 1899 504 1971 Quoniam
530 1900 703 1959 Franciscus
730 1901 874 1961 timidius
900 1913 1040 1979 quaestor
1067 1903 1218 1962 exercitus
1243 1903 1349 1979 Regiae
1373 1917 1408 1964 ιο
1513 1900 1514 1921 i

317 2000 475 2077 Majestatis
505 2000 659 2060 inservivit
688 2011 716 2060 et
742 2001 865 2061 inservit
889 2002 987 2062 adhuc
1016 2003 1046 2062 in
1076 2001 1181 2062 eodem
1208 2002 1305 2061 officio
1333 2022 1347 2060 a

318 2112 419 2159 nostro
435 2099 563 2159 discessu
580 2120 615 2160 er
632 2102 709 2180 regin
726 2102 817 2174 curia,
839 2112 871 2160 ut
888 2121 945 2160 una
960 2103 1141 2175 veniremus,
1153 2101 1347 2180 quemadmo-

318 2201 390 2260 dum
407 2213 529 2260 ventum
546 2213 600 2271 est,
614 2220 682 2261 cum
698 2201 800 2260 eodem
821 2203 951 2261 exercitu
971 2204 1001 2262 in
1025 2204 1190 2280 praedictos
1209 2212 1303 2261 status
1319 2210 1349 2260 ct

317 2301 354 2361 ad
372 2301 515 2378 praedicti
530 2301 677 2361 exereitus
692 2301 869 2360 solutionem
886 2311 950 2361 tum
972 2305 1058 2362 etiam
1075 2303 1201 2362 aiiorum
1219 2302 1346 2361 miiitum

318 2420 353 2461 ex
368 2402 433 2460 aliis
447 2402 586 2480 gentibus
602 2414 660 2460 tam
677 2402 809 2478 peditum
825 2421 913 2479 quam
934 2405 1080 2480 equitum,
1095 2422 1171 2480 quos
1184 2402 1222 2461 ad
1237 2403 1348 2481 stipen·
1373 2419 1404 2467 15

319 2501 401 2560 dium
418 2502 525 2580 Regiae
540 2503 697 2561 Maiestatis
712 2502 850 2579 colligere
860 2502 1006 2580 jussimus
1021 2505 1133 2580 quique
1150 2501 1191 2562 iiii
1208 2503 1348 2562 inservie-

319 2614 391 2662 runt
406 2603 463 2660 sub
480 2613 582 2661 nostro
596 2603 685 2661 ductu
703 2605 731 2660 in
748 2602 794 2661 his
810 2604 1025 2678 occasionibus,
1038 2622 1114 2680 quae
1132 2616 1197 2683 post
1212 2613 1346 2664 nostrum

318 2704 480 2763 adventum
496 2703 609 2762 oblatae
625 2715 705 2776 sunt,
718 2715 747 2762 et
761 2702 796 2761 ad
809 2704 863 2761 otia
880 2704 996 2782 negotia
1012 2703 1048 2762 ad
1063 2705 1178 2783 regium
1194 2704 1348 2764 servitium

320 2803 640 2882 pertincntia,accepit
662 2806 770 2862 tamin
799 2805 937 2882 Hispania
964 2814 994 2864 et
1019 2805 1099 2864 italia
1122 2824 1210 2882 quam
1234 2805 1264 2863 in
1286 2804 1348 2862 istis

319 2907 445 2966 statibus
467 2925 586 2984 magnas
608 2909 801 2986 pecuniarum
823 2926 964 2981 summm,
979 2908 1016 2967 dc
1035 2908 1153 2985 quibus,
1168 2908 1237 2984 quia
1260 2908 1346 2985 Regia
1370 2919 1401 2967 au

320 3009 454 3085 Majestas
471 3008 604 3065 nondum
619 3008 784 3079 constituit,
805 3008 855 3085 qui
872 3027 907 3067 ex
924 3027 959 3069 eo
975 3009 1103 3068 rationes
1119 3019 1265 3085 peterent,
1282 3026 1346 3066 nec·

320 3110 391 3168 dum
416 3110 478 3186 ipse
494 3108 632 3169 reddidit.
653 3110 781 3169 Interest
798 3121 949 3186 praetcrea
966 3111 1037 3188 regii
1059 3109 1172 3170 servitii
1186 3120 1216 3168 et
1239 3107 1348 3170 utilite·-

321 3211 357 3271 tis
373 3210 479 3270 aerarii
494 3209 566 3288 regii
582 3220 671 3288 atque
692 3210 766 3268 adeo
780 3209 873 3269 nostri
888 3229 1007 3288 quoque
1020 3210 1118 3280 officii,
1132 3219 1166 3269 ut
1185 3228 1349 3279 noscamus,

320 3330 380 3390 quo
394 3313 424 3371 in
440 3323 516 3372 statu
541 3312 707 3389 praedictae
727 3309 857 3370 rationes
880 3312 948 3379 sint,
964 3323 1007 3382 ut,
1029 3314 1053 3371 si
1074 3330 1109 3371 ex
1125 3311 1167 3370 eis
1182 3310 1348 3370 constiterit

320 3432 389 3472 eum
412 3432 475 3472 esse
492 3412 615 3491 alicujus
636 3430 769 3471 summae
791 3411 957 3471 debitorem
978 3409 1085 3492 Regiae
1100 3411 1254 3488 Mnjestati‚
1277 3411 1348 3470 soivi
1372 3425 1401 3473 tt

318 3512 486 3590 jubeamus,
500 3523 533 3572 ut
558 3511 791 3585 necessitatibus,
805 3531 880 3589 quae
902 3531 955 3590 per
968 3512 1031 3572 dies
1046 3511 1177 3591 singulos
1193 3512 1349 3590 ingruunt,

322 3616 422 3675 oeeuri
445 3617 536 3694 possit
550 3615 585 3674 ad
601 3616 696 3695 regias
718 3616 857 3674 rationes.
879 3610 996 3694 confisssi
1019 3622 1182 3691 praeterea,
1204 3613 1283 3688 quod
1308 3623 1349 3679 tu,

321 3718 449 3776 mannes
465 3716 501 3776 dc
518 3718 635 3776 lssunoa
652 3717 813 3795 primarius
829 3717 965 3794 provisor
981 3715 1079 3793 regius
1095 3715 1262 3773 triremium
1283 3715 1349 3773 iiis-

323 3822 505 3894 paniearum,
522 3816 552 3876 in
577 3816 632 3876 hoc
650 3819 823 3895 negotiosis
840 3829 868 3876 te
884 3818 923 3876 sis
936 3827 1084 3895 gesturus,
1099 3814 1348 3891 quemadmodum

321 3921 351 3978 in
367 3918 507 3978 omnibus
520 3919 583 3978 aliis
599 3919 723 3996 negotiis
738 3918 773 3976 ad
790 3919 897 3994 Regiae
914 3916 1072 3994 Majestatis
1088 3916 1243 3976 servitium
1259 3917 1347 3996 perti·
1372 3925 1402 3973 30

321 4020 462 4080 uentibus
478 4031 506 4079 tc
521 4019 664 4079 hactenus
680 4036 800 4097 semper
813 4019 938 4096 gesseris
953 4029 1041 4094 atque
1058 4037 1138 4077 rrunc
1152 4019 1240 4097 geris,
1258 4027 1350 4078 statu-
