3056 4856
664 451 767 548 (5)

511 787 636 845 Sataaamu
658 795 699 842 cst
721 803 728 842 :

227 986 308 1044 Duco
324 986 436 1044 Albano
450 984 653 1064 gubernatore
668 1003 702 1042 ex
719 981 885 1041 rationibus
903 1001 995 1058 usque

101 1084 107 1091 ⁴
186 1089 215 1147 in
229 1087 320 1147 finem
331 1089 401 1148 anni
414 1089 559 1146 MDLXXi
572 1086 609 1145 ab
624 1086 753 1144 issuntio
769 1079 911 1163 aooellptis
924 1105 995 1162 qua·

185 1189 320 1269 draginta
335 1190 469 1266 quinque
489 1189 567 1248 mille
589 1196 619 1246 et
635 1186 753 1264 triginta
778 1185 837 1244 duo
853 1187 994 1246 coronati.
1038 1186 1139 1245 muse
1158 1178 1235 1244 cors

146 1305 161 1352 t
226 1289 333 1350 Eodem
355 1289 556 1369 gubernatore
571 1286 718 1365 usquead
739 1287 818 1346 iilius
833 1286 993 1346 discessum

175 1391 214 1449 in
239 1389 410 1467 Hispaniam
436 1388 587 1466 usquead
610 1386 793 1446 finemanni
817 1388 992 1445 atutxxttt

185 1491 289 1570 viginti
303 1511 353 1550 sex
369 1491 449 1550 mille
464 1488 675 1568 quadringenti
691 1487 810 1564 triginta
828 1507 888 1546 sex.
1037 1488 1138 1547 16156
1157 1506 1216 1545 cor.

225 1591 474 1652 Commendatore
497 1591 606 1649 Maiore
627 1587 772 1647 Castiliiao
794 1588 995 1666 gubernatore

186 1711 278 1768 usque
293 1690 330 1752 ad
345 1712 363 1749 v
384 1693 479 1751 martii
495 1690 676 1760 Mutxxvt,
690 1706 749 1764 quo
765 1686 847 1760 obiit,
862 1688 994 1747 coronati

130 1804 161 1852 aa
186 1793 380 1872 quadraginta
396 1810 489 1851 unum
506 1791 586 1853 mille
608 1789 819 1866 quadringenti
843 1789 994 1867 sexaginta

187 1913 274 1952 natas.
520 1924 522 1928 ·
1038 1890 1133 1948 11161
1158 1908 1217 1947 eor.

225 2100 346 2156 Summa
363 2107 422 2156 tota
437 2098 652 2156 coronatorum
667 2114 675 2154 ε
1018 2098 1137 2156 ttaaaa
1157 2113 1216 2153 cor.

226 2315 341 2389 Quibus
370 2317 401 2375 in
438 2314 528 2375 rebus
555 2315 696 2375 omnibus
728 2315 884 2374 inservivit
920 2314 1065 2374 hactenus
1095 2317 1217 2374 Vestrae

187 2418 328 2494 ttajestati
357 2436 423 2476 oum
448 2435 563 2476 summa
593 2416 694 2475 labore
719 2429 749 2475 ct
774 2416 925 2493 diligentia
956 2417 1159 2476 occasionibus
1188 2428 1217 2475 et

131 2534 161 2581 tt
187 2517 410 2588 necessitatibus
425 2519 471 2576 sui
486 2517 600 2576 servitii
615 2535 735 2593 semper
750 2518 883 2576 intentus
899 2517 1058 2596 obligando
1070 2536 1216 2596 saepenu-

186 2637 269 2678 mero
290 2619 481 2696 semetipsum
505 2617 581 2677 bona
604 2617 703 2675 omnia
725 2626 754 2675 et
773 2616 862 2676 fidem
885 2636 968 2677 satam
992 2629 1021 2677 et
1041 2618 1217 2689 amicorum,

184 2719 434 2796 quemadmodum
454 2719 586 2778 constitit
608 2718 764 2795 praedietis
786 2718 853 2777 duci
877 2728 907 2778 et
928 2719 1162 2779 commendatori
1187 2721 1215 2778 in

185 2821 246 2879 suis
262 2820 454 2898 temporibus.

224 2925 258 2980 Et
273 2923 413 3000 quoniam
430 2925 459 2980 ia
475 2941 507 2980 ea
530 2921 736 2993 instructione,
750 2939 839 2997 quam
857 2923 960 2981 Vestra
980 2921 1116 3000 Majcstas
1139 2923 1214 2982 mitti

127 3034 159 3100 20
180 3024 270 3100 jussit
288 3023 324 3082 ad
345 3042 414 3082 eum
437 3031 467 3081 et
488 3022 654 3101 praedictos
676 3032 850 3098 quaestores
874 3024 1032 3097 exercitus,
1047 3024 1077 3082 in
1097 3043 1157 3083 uno
1179 3044 1214 3084 ex

183 3125 261 3184 itlius
276 3124 411 3202 capitulis
426 3124 561 3202 jubetur,
583 3124 607 3183 si
630 3123 797 3201 praedictus
819 3134 960 3200 quaestor
981 3124 1215 3203 deprehenderit

182 3226 213 3284 iu
229 3226 328 3302 atiquo
343 3225 478 3284 Vestram
500 3223 682 3298 Maiestatem
698 3222 875 3296 debitorem,
892 3224 1049 3300 jussurum
1065 3244 1106 3299 se,
1125 3239 1158 3287 ut
1172 3227 1214 3286 iili

182 3325 315 3400 satisfiat,
329 3343 396 3384 cum
419 3326 548 3384 rationes
571 3323 699 3384 finaliter
720 3324 833 3384 suerint
855 3336 991 3403 acceptae
1012 3328 1099 3404 (quae
1114 3337 1213 3387 tamen

185 3428 328 3487 hactenus
350 3446 409 3486 non
431 3434 502 3486 sunt
522 3424 679 3504 acceptae),
695 3437 725 3486 et
746 3425 809 3484 fieri
834 3436 942 3504 posset,
964 3436 997 3485 ut
1015 3429 1214 3488 curationum

129 3544 159 3593 as
185 3527 280 3587 finitio
305 3529 333 3586 in
359 3526 482 3604 longum
508 3538 625 3605 tempus
649 3526 746 3585 adbuc
771 3524 954 3598 differretur,
981 3546 1041 3605 quo
1063 3528 1159 3601 fieret,
1181 3541 1215 3589 ut

184 3649 294 3689 usurae
308 3641 513 3690 excrescerent
528 3630 557 3687 in
573 3647 708 3708 magnam
725 3647 882 3697 summam,
904 3647 979 3705 quas
997 3639 1093 3689 tamen
1108 3631 1215 3691 Vestra

184 3731 319 3808 Majestas
334 3740 454 3790 tenetur
468 3730 593 3802 solvere,
607 3748 675 3789 cum
697 3730 819 3807 pecunia
840 3731 870 3788 in
887 3728 1012 3790 diversis
1028 3732 1214 3810 temporibus

183 3842 213 3890 et
238 3832 373 3891 terminis
397 3841 516 3909 accepta
546 3831 584 3890 sit
604 3830 690 3909 jussu
717 3850 752 3890 ex
782 3832 874 3890 verbo
900 3842 930 3892 et
955 3832 1065 3909 scripto
1090 3852 1215 3894 suorum

182 3931 416 4010 gubernatorum
440 3939 470 3991 et
483 3931 520 3990 ad
536 3950 583 3990 res
604 3931 751 4008 imprimis
766 3932 847 4010 regio
869 3951 923 3992 suo
938 3932 1060 3993 servitio
1079 3953 1216 3996 necessa-

183 4034 252 4106 rias,
270 4032 523 4110 quemadmodum
545 4042 588 4091 est
614 4044 729 4105 notum,
755 4033 868 4110 etipse
893 4034 1042 4095 Lixaidius
1062 4034 1182 4112 petierit
1199 4055 1215 4095 a

1258 1098 1268 1154 11
1286 1096 1322 1141 tot.
1340 1095 1360 1144 1.
