3056 4856
753 421 877 517 (80)

307 619 411 699 viginti
430 617 546 692 stoferi,
560 617 698 680 videlieet
712 619 815 697 viginti
831 619 891 680 doo

306 721 386 780 mitte
407 728 527 780 centnm
549 719 701 797 sexaginta
719 740 795 780 nnus
812 740 893 781 eoro-

305 821 366 882 nati
381 833 411 882 et
425 822 530 901 viginti
545 821 605 881 duo
621 823 725 882 stoteri
747 821 892 883 Ganthiro

304 925 343 983 dn
356 923 499 984 Chastean
513 923 660 1000 receptori
675 924 817 1000 pecuniae
835 926 890 984 vie·

305 1035 352 1085 tos
378 1026 408 1084 in
435 1024 480 1083 his
504 1022 629 1084 statibus
654 1024 733 1083 mitte
758 1027 889 1083 concitati

304 1126 504 1186 commissario
530 1128 616 1184 Petro
642 1124 807 1202 Mungnnio
835 1131 894 1185 dnn

306 1229 385 1288 mitte
423 1227 617 1306 qnadraginta
660 1226 719 1285 dno
762 1231 894 1288 coronati

306 1328 425 1407 triginta
459 1336 573 1405 septem
605 1327 710 1386 stnieri
747 1337 893 1395 restantes

304 1428 506 1489 commissario
520 1430 627 1488 ioanni
643 1429 791 1506 Cornelio.
931 1432 1032 1492 00000
1048 1449 1107 1490 cor.
1123 1433 1164 1492 20
1178 1441 1214 1490 st.

344 1530 463 1589 Nicolao
487 1548 543 1588 van
570 1529 636 1587 dem
667 1532 760 1606 Berge
789 1530 895 1589 aerarii

306 1632 474 1711 praeposito
496 1632 625 1691 fabricae
648 1631 730 1692 urbis
753 1635 889 1691 Antwer·

306 1735 410 1813 pinnae
423 1744 542 1793 eentum
560 1733 664 1810 viginti
681 1743 796 1810 septem
815 1734 893 1792 mitte

304 1836 457 1915 quingenti
501 1835 621 1914 triginta
657 1845 723 1894 octo
758 1838 903 1903 coronati,

303 1941 404 1997 siccem
421 1947 450 1996 et
464 1945 530 1995 octo
545 1935 661 1996 stnieri.
933 1937 1047 1998 107558
1063 1956 1123 1997 cor.
1143 1939 1179 1997 18
1195 1949 1231 1995 st..

344 2036 470 2096 Gobrieli
501 2037 630 2097 Olivario
658 2036 695 2094 od
724 2035 890 2095 aedificium

302 2140 410 2198 artium
433 2136 588 2197 Veldensis
610 2148 640 2196 et
661 2137 830 2197 Fistclensis
859 2139 889 2197 in

303 2240 392 2299 Frisia
409 2250 469 2298 tres
484 2240 564 2297 mille
579 2238 722 2298 coronati.
929 2224 1011 2299 5000
1022 2258 1084 2299 cor.

343 2340 498 2399 Francisco
516 2339 630 2398 Albano
649 2338 761 2397 oratori
785 2339 891 2417 Regiae

303 2439 459 2500 Maiestatis
475 2441 503 2499 in
519 2439 609 2498 Gallia
631 2440 667 2498 ad
689 2439 821 2499 rationes
836 2440 889 2499 sti·

301 2541 402 2621 pendii
417 2542 473 2620 ipsi
483 2540 576 2600 debiti
588 2541 625 2600 ab
637 2540 683 2599 tris
693 2540 821 2601 statibus
834 2560 887 2620 pro

301 2644 404 2706 eodem
423 2643 519 2703 ot‘iicio
542 2644 607 2703 dno
623 2643 703 2703 mitte
723 2644 885 2721 octingenti

302 2749 404 2828 viginti
419 2750 551 2807 coronati
567 2748 670 2826 viginti
687 2747 803 2807 stuferi.
920 2748 1002 2809 2820
1015 2766 1075 2808 cor.
1091 2751 1130 2808 20
1145 2756 1183 2807 st.

342 2849 457 2907 Gnerao
496 2849 597 2926 Spesio
636 2848 746 2907 oratori
780 2849 888 2927 Regiae

301 2949 458 3008 Maiestatis
478 2949 506 3007 in
522 2949 656 3026 Angiiam
682 2947 796 3008 remissi
819 2962 890 3008 sunt

302 3050 468 3110 Londinnm
489 3051 593 3109 adres
615 3049 644 3107 in
666 3049 770 3108 codem
790 3049 888 3110 officio

300 3160 475 3214 occurentes
486 3151 588 3210 decem
600 3162 629 3209 et
640 3161 706 3209 octo
718 3150 890 3210 mitteeoro·

301 3255 361 3314 nati
376 3252 570 3330 qnadraginta
585 3249 769 3311 stni'erorum
785 3260 815 3309 ct
830 3260 887 3310 trc-

300 3364 384 3413 eenta
400 3354 519 3429 triginta
535 3363 601 3412 octo
618 3352 716 3430 pondo
736 3350 842 3410 decem
857 3361 888 3411 et

300 3475 350 3514 sex
370 3453 455 3513 solidi
471 3471 521 3513 sex
535 3453 649 3512 nummi
671 3463 808 3512 monetae
825 3456 883 3512 tin·

298 3556 437 3633 gnesenae,
453 3573 489 3614 er
508 3572 565 3631 qna
586 3554 709 3632 peccunia
728 3553 788 3612 dno
805 3552 893 3613 miita·

298 3658 429 3716 coronati
446 3654 546 3716 traditi
561 3667 630 3715 sunt
643 3656 737 3715 Corvo
751 3655 885 3715 Belluteo

298 3758 334 3817 ad
351 3756 590 3817 distribuendam
613 3755 776 3816 exordiae
799 3766 885 3834 prae·

297 3859 367 3918 dieti
376 3859 501 3917 oratoris
513 3877 580 3916 com
590 3858 733 3918 interesse
743 3876 885 3917 versurae

298 3960 395 4020 totins.
423 3960 557 4018 Ettieinnt
585 3958 689 4037 viginti
716 3960 774 4018 dno
803 3958 882 4017 mitte
