<?xml version="1.0" encoding="UTF-8"?>
<!DOCTYPE html PUBLIC "-//W3C//DTD XHTML 1.0 Transitional//EN"
    "http://www.w3.org/TR/xhtml1/DTD/xhtml1-transitional.dtd">
<html xmlns="http://www.w3.org/1999/xhtml" xml:lang="en" lang="en">
 <head>
  <title>
</title>
<meta http-equiv="Content-Type" content="text/html;charset=utf-8" />
  <meta name='ocr-system' content='tesseract 3.04.00' />
  <meta name='ocr-capabilities' content='ocr_page ocr_carea ocr_par ocr_line ocrx_word'/>
</head>
<body>
  <div class='ocr_page' id='page_1' title='image "./leregistredefra00rachgoog_0035.png"; bbox 0 0 3056 4856; ppageno 0'>
   <div class='ocr_carea' id='block_1_1' title="bbox 798 446 927 545">
    <p class='ocr_par' dir='ltr' id='par_1_1' title="bbox 798 446 927 545">
     <span class='ocr_line' id='line_1_1' title="bbox 798 446 927 545; baseline 0.023 -3"><span class='ocrx_word' id='word_1_1' title='bbox 798 446 927 545; x_wconf 74' lang='lat'>(¹⁶)</span> 
     </span>
    </p>
   </div>
   <div class='ocr_carea' id='block_1_2' title="bbox 318 644 1218 4050">
    <p class='ocr_par' dir='ltr' id='par_1_2' title="bbox 318 644 1218 4050">
     <span class='ocr_line' id='line_1_2' title="bbox 341 644 924 722; baseline -0.002 -16"><span class='ocrx_word' id='word_1_2' title='bbox 341 645 507 722; x_wconf 88' lang='lat' dir='ltr'><strong>Hispanieis</strong></span> <span class='ocrx_word' id='word_1_3' title='bbox 522 656 552 704; x_wconf 92' lang='lat' dir='ltr'><strong>et</strong></span> <span class='ocrx_word' id='word_1_4' title='bbox 567 656 687 703; x_wconf 87' lang='lat' dir='ltr'><strong>eentum</strong></span> <span class='ocrx_word' id='word_1_5' title='bbox 703 644 829 704; x_wconf 76' lang='lat' dir='ltr'><strong>sedecim</strong></span> <span class='ocrx_word' id='word_1_6' title='bbox 842 646 924 709; x_wconf 92' lang='lat' dir='ltr'><strong>mille</strong></span> 
     </span>
     <span class='ocr_line' id='line_1_3' title="bbox 340 746 921 825; baseline 0 -19"><span class='ocrx_word' id='word_1_7' title='bbox 340 747 487 806; x_wconf 84' lang='lat' dir='ltr'><strong>coronatis</strong></span> <span class='ocrx_word' id='word_1_8' title='bbox 501 746 599 805; x_wconf 87' lang='lat' dir='ltr'><strong>aureis</strong></span> <span class='ocrx_word' id='word_1_9' title='bbox 615 746 645 805; x_wconf 91' lang='lat' dir='ltr'><strong>in</strong></span> <span class='ocrx_word' id='word_1_10' title='bbox 661 764 742 817; x_wconf 84' lang='lat' dir='ltr'><strong>auro,</strong></span> <span class='ocrx_word' id='word_1_11' title='bbox 759 765 847 823; x_wconf 88' lang='lat' dir='ltr'><strong>quam</strong></span> <span class='ocrx_word' id='word_1_12' title='bbox 868 765 921 825; x_wconf 90' lang='lat' dir='ltr'><strong>pe·</strong></span> 
     </span>
     <span class='ocr_line' id='line_1_4' title="bbox 339 846 922 923; baseline 0 -16"><span class='ocrx_word' id='word_1_13' title='bbox 339 848 456 907; x_wconf 81' lang='lat' dir='ltr'><strong>eunium</strong></span> <span class='ocrx_word' id='word_1_14' title='bbox 478 848 557 923; x_wconf 85' lang='lat' dir='ltr'><strong>apud</strong></span> <span class='ocrx_word' id='word_1_15' title='bbox 573 866 604 905; x_wconf 90' lang='lat' dir='ltr'><strong>se</strong></span> <span class='ocrx_word' id='word_1_16' title='bbox 625 846 751 906; x_wconf 77' lang='lat' dir='ltr'><strong>ilabebat</strong></span> <span class='ocrx_word' id='word_1_17' title='bbox 770 848 800 905; x_wconf 93' lang='lat' dir='ltr'><strong>in</strong></span> <span class='ocrx_word' id='word_1_18' title='bbox 820 866 922 907; x_wconf 91' lang='lat' dir='ltr'><strong>nume·</strong></span> 
     </span>
     <span class='ocr_line' id='line_1_5' title="bbox 340 948 918 1026; baseline 0 -19"><span class='ocrx_word' id='word_1_19' title='bbox 340 959 404 1008; x_wconf 92' lang='lat' dir='ltr'><strong>rato</strong></span> <span class='ocrx_word' id='word_1_20' title='bbox 420 948 586 1026; x_wconf 82' lang='lat' dir='ltr'><strong>praedictus</strong></span> <span class='ocrx_word' id='word_1_21' title='bbox 601 956 750 1022; x_wconf 78' lang='lat' dir='ltr'><strong>quaestor,</strong></span> <span class='ocrx_word' id='word_1_22' title='bbox 765 965 825 1023; x_wconf 90' lang='lat' dir='ltr'><strong>quo</strong></span> <span class='ocrx_word' id='word_1_23' title='bbox 843 957 918 1007; x_wconf 90' lang='lat' dir='ltr'><strong>tem·</strong></span> 
     </span>
     <span class='ocr_line' id='line_1_6' title="bbox 340 1047 919 1126; baseline -0.002 -17"><span class='ocrx_word' id='word_1_24' title='bbox 340 1068 412 1126; x_wconf 87' lang='lat' dir='ltr'><strong>pore</strong></span> <span class='ocrx_word' id='word_1_25' title='bbox 441 1049 499 1107; x_wconf 83' lang='lat' dir='ltr'><strong>dux</strong></span> <span class='ocrx_word' id='word_1_26' title='bbox 528 1047 659 1106; x_wconf 81' lang='lat' dir='ltr'><strong>Albanus</strong></span> <span class='ocrx_word' id='word_1_27' title='bbox 688 1048 843 1125; x_wconf 88' lang='lat' dir='ltr'><strong>ingressus</strong></span> <span class='ocrx_word' id='word_1_28' title='bbox 874 1061 919 1109; x_wconf 85' lang='lat' dir='ltr'><strong>est</strong></span> 
     </span>
     <span class='ocr_line' id='line_1_7' title="bbox 337 1147 919 1223; baseline -0.002 -14"><span class='ocrx_word' id='word_1_29' title='bbox 337 1150 368 1209; x_wconf 92' lang='lat' dir='ltr'><strong>in</strong></span> <span class='ocrx_word' id='word_1_30' title='bbox 380 1148 435 1208; x_wconf 91' lang='lat' dir='ltr'><strong>hos</strong></span> <span class='ocrx_word' id='word_1_31' title='bbox 445 1159 549 1222; x_wconf 75' lang='lat' dir='ltr'><strong>status,</strong></span> <span class='ocrx_word' id='word_1_32' title='bbox 557 1148 643 1207; x_wconf 73' lang='lat' dir='ltr'><strong>mltis</strong></span> <span class='ocrx_word' id='word_1_33' title='bbox 653 1147 743 1206; x_wconf 91' lang='lat' dir='ltr'><strong>etiam</strong></span> <span class='ocrx_word' id='word_1_34' title='bbox 754 1147 838 1223; x_wconf 90' lang='lat' dir='ltr'><strong>jussu</strong></span> <span class='ocrx_word' id='word_1_35' title='bbox 855 1167 919 1208; x_wconf 91' lang='lat' dir='ltr'><strong>eam</strong></span> 
     </span>
     <span class='ocr_line' id='line_1_8' title="bbox 337 1248 921 1328; baseline 0 -19"><span class='ocrx_word' id='word_1_36' title='bbox 337 1248 506 1328; x_wconf 85' lang='lat' dir='ltr'><strong>deportavit</strong></span> <span class='ocrx_word' id='word_1_37' title='bbox 519 1248 721 1326; x_wconf 68' lang='lat' dir='ltr'><strong>antuerpiam</strong></span> <span class='ocrx_word' id='word_1_38' title='bbox 737 1258 921 1310; x_wconf 80' lang='lat' dir='ltr'><strong>commutan-</strong></span> 
     </span>
     <span class='ocr_line' id='line_1_9' title="bbox 337 1350 917 1426; baseline 0.003 -17"><span class='ocrx_word' id='word_1_39' title='bbox 337 1351 404 1410; x_wconf 83' lang='lat' dir='ltr'><strong>dam</strong></span> <span class='ocrx_word' id='word_1_40' title='bbox 419 1350 456 1409; x_wconf 88' lang='lat' dir='ltr'><strong>ad</strong></span> <span class='ocrx_word' id='word_1_41' title='bbox 473 1350 629 1409; x_wconf 68' lang='lat' dir='ltr'><strong>utilitatem</strong></span> <span class='ocrx_word' id='word_1_42' title='bbox 644 1350 674 1408; x_wconf 91' lang='lat' dir='ltr'><strong>in</strong></span> <span class='ocrx_word' id='word_1_43' title='bbox 689 1350 759 1409; x_wconf 87' lang='lat' dir='ltr'><strong>alias</strong></span> <span class='ocrx_word' id='word_1_44' title='bbox 775 1363 917 1426; x_wconf 80' lang='lat' dir='ltr'><strong>monetae,</strong></span> 
     </span>
     <span class='ocr_line' id='line_1_10' title="bbox 336 1451 918 1529; baseline 0.003 -19"><span class='ocrx_word' id='word_1_45' title='bbox 336 1470 412 1529; x_wconf 87' lang='lat' dir='ltr'><strong>quae</strong></span> <span class='ocrx_word' id='word_1_46' title='bbox 428 1452 457 1510; x_wconf 92' lang='lat' dir='ltr'><strong>in</strong></span> <span class='ocrx_word' id='word_1_47' title='bbox 474 1470 529 1510; x_wconf 93' lang='lat' dir='ltr'><strong>usu</strong></span> <span class='ocrx_word' id='word_1_48' title='bbox 544 1461 650 1524; x_wconf 86' lang='lat' dir='ltr'><strong>essent,</strong></span> <span class='ocrx_word' id='word_1_49' title='bbox 665 1451 695 1510; x_wconf 93' lang='lat' dir='ltr'><strong>id</strong></span> <span class='ocrx_word' id='word_1_50' title='bbox 710 1453 789 1528; x_wconf 84' lang='lat' dir='ltr'><strong>quod</strong></span> <span class='ocrx_word' id='word_1_51' title='bbox 808 1453 918 1512; x_wconf 88' lang='lat' dir='ltr'><strong>laetum</strong></span> 
     </span>
     <span class='ocr_line' id='line_1_11' title="bbox 336 1551 920 1612; baseline 0.002 -1"><span class='ocrx_word' id='word_1_52' title='bbox 336 1563 380 1611; x_wconf 91' lang='lat' dir='ltr'><strong>est</strong></span> <span class='ocrx_word' id='word_1_53' title='bbox 408 1570 474 1611; x_wconf 88' lang='lat' dir='ltr'><strong>eum</strong></span> <span class='ocrx_word' id='word_1_54' title='bbox 503 1551 649 1610; x_wconf 87' lang='lat' dir='ltr'><strong>Thomaso</strong></span> <span class='ocrx_word' id='word_1_55' title='bbox 674 1552 776 1611; x_wconf 85' lang='lat' dir='ltr'><strong>Fieseo</strong></span> <span class='ocrx_word' id='word_1_56' title='bbox 805 1572 920 1612; x_wconf 88' lang='lat' dir='ltr'><strong>merea·</strong></span> 
     </span>
     <span class='ocr_line' id='line_1_12' title="bbox 336 1652 919 1732; baseline 0.002 -19"><span class='ocrx_word' id='word_1_57' title='bbox 336 1665 413 1723; x_wconf 87' lang='lat' dir='ltr'><strong>tore;</strong></span> <span class='ocrx_word' id='word_1_58' title='bbox 425 1652 557 1731; x_wconf 86' lang='lat' dir='ltr'><strong>argentei</strong></span> <span class='ocrx_word' id='word_1_59' title='bbox 568 1665 682 1728; x_wconf 83' lang='lat' dir='ltr'><strong>septem</strong></span> <span class='ocrx_word' id='word_1_60' title='bbox 693 1652 919 1732; x_wconf 85' lang='lat' dir='ltr'><strong>grossissinguli</strong></span> 
     </span>
     <span class='ocr_line' id='line_1_13' title="bbox 335 1750 915 1830; baseline -0.002 -17"><span class='ocrx_word' id='word_1_61' title='bbox 335 1765 364 1813; x_wconf 89' lang='lat' dir='ltr'><strong>et</strong></span> <span class='ocrx_word' id='word_1_62' title='bbox 375 1771 481 1813; x_wconf 79' lang='lat' dir='ltr'><strong>noveni</strong></span> <span class='ocrx_word' id='word_1_63' title='bbox 494 1752 659 1830; x_wconf 77' lang='lat' dir='ltr'><strong>quadrante</strong></span> <span class='ocrx_word' id='word_1_64' title='bbox 671 1753 769 1812; x_wconf 91' lang='lat' dir='ltr'><strong>minus</strong></span> <span class='ocrx_word' id='word_1_65' title='bbox 781 1750 915 1812; x_wconf 87' lang='lat' dir='ltr'><strong>utilitatis</strong></span> 
     </span>
     <span class='ocr_line' id='line_1_14' title="bbox 335 1853 913 1932; baseline -0.005 -17"><span class='ocrx_word' id='word_1_66' title='bbox 335 1856 366 1915; x_wconf 92' lang='lat' dir='ltr'><strong>in</strong></span> <span class='ocrx_word' id='word_1_67' title='bbox 381 1853 526 1926; x_wconf 84' lang='lat' dir='ltr'><strong>eentenis3</strong></span> <span class='ocrx_word' id='word_1_68' title='bbox 548 1853 681 1912; x_wconf 87' lang='lat' dir='ltr'><strong>eoronati</strong></span> <span class='ocrx_word' id='word_1_69' title='bbox 696 1865 794 1913; x_wconf 87' lang='lat' dir='ltr'><strong>autem</strong></span> <span class='ocrx_word' id='word_1_70' title='bbox 809 1854 913 1932; x_wconf 89' lang='lat' dir='ltr'><strong>viginti</strong></span> 
     </span>
     <span class='ocr_line' id='line_1_15' title="bbox 335 1955 919 2033; baseline -0.002 -17"><span class='ocrx_word' id='word_1_71' title='bbox 335 1958 414 2016; x_wconf 90' lang='lat' dir='ltr'><strong>mille</strong></span> <span class='ocrx_word' id='word_1_72' title='bbox 438 1956 632 2033; x_wconf 89' lang='lat' dir='ltr'><strong>quadraginta</strong></span> <span class='ocrx_word' id='word_1_73' title='bbox 659 1974 719 2014; x_wconf 92' lang='lat' dir='ltr'><strong>uno</strong></span> <span class='ocrx_word' id='word_1_74' title='bbox 743 1955 864 2015; x_wconf 88' lang='lat' dir='ltr'><strong>stuleris</strong></span> <span class='ocrx_word' id='word_1_75' title='bbox 889 1966 919 2015; x_wconf 91' lang='lat' dir='ltr'><strong>et</strong></span> 
     </span>
     <span class='ocr_line' id='line_1_16' title="bbox 333 2054 918 2134; baseline -0.002 -18"><span class='ocrx_word' id='word_1_76' title='bbox 333 2057 454 2116; x_wconf 85' lang='lat' dir='ltr'><strong>semisse</strong></span> <span class='ocrx_word' id='word_1_77' title='bbox 465 2056 751 2134; x_wconf 87' lang='lat' dir='ltr'><strong>singuli,nonaginta</strong></span> <span class='ocrx_word' id='word_1_78' title='bbox 764 2075 813 2115; x_wconf 83' lang='lat' dir='ltr'><strong>sex</strong></span> <span class='ocrx_word' id='word_1_79' title='bbox 827 2054 918 2130; x_wconf 90' lang='lat' dir='ltr'><strong>mille,</strong></span> 
     </span>
     <span class='ocr_line' id='line_1_17' title="bbox 332 2158 917 2237; baseline 0 -19"><span class='ocrx_word' id='word_1_80' title='bbox 332 2160 383 2236; x_wconf 88' lang='lat' dir='ltr'><strong>qui</strong></span> <span class='ocrx_word' id='word_1_81' title='bbox 411 2171 603 2236; x_wconf 84' lang='lat' dir='ltr'><strong>supererant,</strong></span> <span class='ocrx_word' id='word_1_82' title='bbox 630 2158 827 2237; x_wconf 89' lang='lat' dir='ltr'><strong>quadraginta</strong></span> <span class='ocrx_word' id='word_1_83' title='bbox 857 2178 917 2219; x_wconf 90' lang='lat' dir='ltr'><strong>uno</strong></span> 
     </span>
     <span class='ocr_line' id='line_1_18' title="bbox 332 2259 1218 2336; baseline 0.002 -18"><span class='ocrx_word' id='word_1_84' title='bbox 332 2259 462 2319; x_wconf 85' lang='lat' dir='ltr'><strong>stuleris.</strong></span> <span class='ocrx_word' id='word_1_85' title='bbox 480 2259 519 2317; x_wconf 91' lang='lat' dir='ltr'><strong>ita</strong></span> <span class='ocrx_word' id='word_1_86' title='bbox 534 2261 614 2318; x_wconf 91' lang='lat' dir='ltr'><strong>enim</strong></span> <span class='ocrx_word' id='word_1_87' title='bbox 631 2259 778 2336; x_wconf 85' lang='lat' dir='ltr'><strong>praedicte</strong></span> <span class='ocrx_word' id='word_1_88' title='bbox 795 2259 914 2319; x_wconf 80' lang='lat' dir='ltr'><strong>liabent.</strong></span> <span class='ocrx_word' id='word_1_89' title='bbox 958 2264 1037 2321; x_wconf 73' lang='lat'><strong>⁴509</strong></span> <span class='ocrx_word' id='word_1_90' title='bbox 1052 2280 1111 2321; x_wconf 89' lang='lat' dir='ltr'><strong>eor.</strong></span> <span class='ocrx_word' id='word_1_91' title='bbox 1128 2262 1166 2321; x_wconf 66' lang='lat'><strong>5⁹2</strong></span> <span class='ocrx_word' id='word_1_92' title='bbox 1180 2272 1218 2320; x_wconf 86' lang='lat' dir='ltr'><strong>st.</strong></span> 
     </span>
     <span class='ocr_line' id='line_1_19' title="bbox 371 2360 914 2438; baseline -0.002 -20"><span class='ocrx_word' id='word_1_93' title='bbox 371 2361 475 2418; x_wconf 88' lang='lat' dir='ltr'><strong>Deeem</strong></span> <span class='ocrx_word' id='word_1_94' title='bbox 504 2370 533 2418; x_wconf 90' lang='lat' dir='ltr'><strong>et</strong></span> <span class='ocrx_word' id='word_1_95' title='bbox 559 2377 665 2419; x_wconf 91' lang='lat' dir='ltr'><strong>novem</strong></span> <span class='ocrx_word' id='word_1_96' title='bbox 696 2360 774 2417; x_wconf 91' lang='lat' dir='ltr'><strong>mille</strong></span> <span class='ocrx_word' id='word_1_97' title='bbox 803 2360 914 2438; x_wconf 87' lang='lat' dir='ltr'><strong>septin-</strong></span> 
     </span>
     <span class='ocr_line' id='line_1_20' title="bbox 329 2461 914 2541; baseline 0 -21"><span class='ocrx_word' id='word_1_98' title='bbox 329 2473 432 2541; x_wconf 90' lang='lat' dir='ltr'><strong>gentos</strong></span> <span class='ocrx_word' id='word_1_99' title='bbox 447 2461 640 2540; x_wconf 84' lang='lat' dir='ltr'><strong>quadraginta</strong></span> <span class='ocrx_word' id='word_1_100' title='bbox 652 2479 703 2520; x_wconf 85' lang='lat' dir='ltr'><strong>sex</strong></span> <span class='ocrx_word' id='word_1_101' title='bbox 715 2470 871 2520; x_wconf 83' lang='lat' dir='ltr'><strong>coronatos</strong></span> <span class='ocrx_word' id='word_1_102' title='bbox 884 2471 914 2520; x_wconf 85' lang='lat' dir='ltr'><strong>et</strong></span> 
     </span>
     <span class='ocr_line' id='line_1_21' title="bbox 329 2560 912 2639; baseline -0.002 -17"><span class='ocrx_word' id='word_1_103' title='bbox 329 2582 378 2622; x_wconf 85' lang='lat' dir='ltr'><strong>sex</strong></span> <span class='ocrx_word' id='word_1_104' title='bbox 394 2560 524 2621; x_wconf 86' lang='lat' dir='ltr'><strong>stuieros</strong></span> <span class='ocrx_word' id='word_1_105' title='bbox 540 2580 593 2639; x_wconf 89' lang='lat' dir='ltr'><strong>pro</strong></span> <span class='ocrx_word' id='word_1_106' title='bbox 605 2561 708 2639; x_wconf 90' lang='lat' dir='ltr'><strong>viginti</strong></span> <span class='ocrx_word' id='word_1_107' title='bbox 726 2579 817 2620; x_wconf 88' lang='lat' dir='ltr'><strong>uuum</strong></span> <span class='ocrx_word' id='word_1_108' title='bbox 831 2561 912 2621; x_wconf 89' lang='lat' dir='ltr'><strong>mille</strong></span> 
     </span>
     <span class='ocr_line' id='line_1_22' title="bbox 328 2661 912 2723; baseline -0.002 -1"><span class='ocrx_word' id='word_1_109' title='bbox 328 2676 357 2723; x_wconf 93' lang='lat' dir='ltr'><strong>et</strong></span> <span class='ocrx_word' id='word_1_110' title='bbox 371 2663 488 2721; x_wconf 91' lang='lat' dir='ltr'><strong>duobus</strong></span> <span class='ocrx_word' id='word_1_111' title='bbox 509 2661 657 2720; x_wconf 83' lang='lat' dir='ltr'><strong>coronatis</strong></span> <span class='ocrx_word' id='word_1_112' title='bbox 679 2672 798 2720; x_wconf 89' lang='lat' dir='ltr'><strong>eentum</strong></span> <span class='ocrx_word' id='word_1_113' title='bbox 815 2674 844 2719; x_wconf 89' lang='lat' dir='ltr'><strong>et</strong></span> <span class='ocrx_word' id='word_1_114' title='bbox 860 2661 912 2721; x_wconf 91' lang='lat' dir='ltr'><strong>de·</strong></span> 
     </span>
     <span class='ocr_line' id='line_1_23' title="bbox 326 2763 910 2839; baseline -0.005 -15"><span class='ocrx_word' id='word_1_115' title='bbox 326 2784 389 2824; x_wconf 90' lang='lat' dir='ltr'><strong>eem</strong></span> <span class='ocrx_word' id='word_1_116' title='bbox 406 2763 568 2822; x_wconf 87' lang='lat' dir='ltr'><strong>solidorum</strong></span> <span class='ocrx_word' id='word_1_117' title='bbox 581 2764 611 2821; x_wconf 93' lang='lat' dir='ltr'><strong>in</strong></span> <span class='ocrx_word' id='word_1_118' title='bbox 627 2763 758 2839; x_wconf 87' lang='lat' dir='ltr'><strong>singulos</strong></span> <span class='ocrx_word' id='word_1_119' title='bbox 774 2775 910 2822; x_wconf 78' lang='lat' dir='ltr'><strong>irionetae</strong></span> 
     </span>
     <span class='ocr_line' id='line_1_24' title="bbox 327 2862 908 2942; baseline -0.002 -19"><span class='ocrx_word' id='word_1_120' title='bbox 327 2863 553 2923; x_wconf 89' lang='lat' dir='ltr'><strong>Mediolanensis</strong></span> <span class='ocrx_word' id='word_1_121' title='bbox 581 2874 611 2921; x_wconf 91' lang='lat' dir='ltr'><strong>et</strong></span> <span class='ocrx_word' id='word_1_122' title='bbox 638 2862 734 2921; x_wconf 87' lang='lat' dir='ltr'><strong>adhue</strong></span> <span class='ocrx_word' id='word_1_123' title='bbox 762 2866 908 2942; x_wconf 84' lang='lat' dir='ltr'><strong>octoginta</strong></span> 
     </span>
     <span class='ocr_line' id='line_1_25' title="bbox 325 2961 907 3043; baseline 0 -20"><span class='ocrx_word' id='word_1_124' title='bbox 325 2976 439 3043; x_wconf 81' lang='lat' dir='ltr'><strong>septem</strong></span> <span class='ocrx_word' id='word_1_125' title='bbox 454 2961 571 3034; x_wconf 88' lang='lat' dir='ltr'><strong>solidos,</strong></span> <span class='ocrx_word' id='word_1_126' title='bbox 587 2981 676 3039; x_wconf 82' lang='lat' dir='ltr'><strong>quana</strong></span> <span class='ocrx_word' id='word_1_127' title='bbox 693 2964 846 3039; x_wconf 87' lang='lat' dir='ltr'><strong>pecuniam</strong></span> <span class='ocrx_word' id='word_1_128' title='bbox 862 2983 907 3023; x_wconf 87' lang='lat' dir='ltr'><strong>ae·</strong></span> 
     </span>
     <span class='ocr_line' id='line_1_26' title="bbox 326 3063 908 3143; baseline 0 -19"><span class='ocrx_word' id='word_1_129' title='bbox 326 3066 404 3143; x_wconf 83' lang='lat' dir='ltr'><strong>oepit</strong></span> <span class='ocrx_word' id='word_1_130' title='bbox 438 3083 477 3123; x_wconf 91' lang='lat' dir='ltr'><strong>uu</strong></span> <span class='ocrx_word' id='word_1_131' title='bbox 506 3076 534 3122; x_wconf 92' lang='lat' dir='ltr'><strong>et</strong></span> <span class='ocrx_word' id='word_1_132' title='bbox 563 3081 622 3122; x_wconf 73' lang='lat' dir='ltr'><strong>xum</strong></span> <span class='ocrx_word' id='word_1_133' title='bbox 653 3063 732 3140; x_wconf 90' lang='lat' dir='ltr'><strong>junii</strong></span> <span class='ocrx_word' id='word_1_134' title='bbox 766 3066 908 3139; x_wconf 82' lang='lat' dir='ltr'><strong>praedicti</strong></span> 
     </span>
     <span class='ocr_line' id='line_1_27' title="bbox 325 3164 909 3236; baseline 0.007 -14"><span class='ocrx_word' id='word_1_135' title='bbox 325 3164 394 3223; x_wconf 92' lang='lat' dir='ltr'><strong>anui</strong></span> <span class='ocrx_word' id='word_1_136' title='bbox 417 3165 604 3236; x_wconf 70' lang='lat' dir='ltr'><strong>munxvtl,</strong></span> <span class='ocrx_word' id='word_1_137' title='bbox 623 3164 763 3225; x_wconf 91' lang='lat' dir='ltr'><strong>tredeeim</strong></span> <span class='ocrx_word' id='word_1_138' title='bbox 780 3166 861 3226; x_wconf 90' lang='lat' dir='ltr'><strong>mille</strong></span> <span class='ocrx_word' id='word_1_139' title='bbox 879 3176 909 3225; x_wconf 86' lang='lat' dir='ltr'><strong>et</strong></span> 
     </span>
     <span class='ocr_line' id='line_1_28' title="bbox 324 3265 907 3343; baseline 0.007 -22"><span class='ocrx_word' id='word_1_140' title='bbox 324 3265 473 3343; x_wconf 82' lang='lat' dir='ltr'><strong>sexaginta</strong></span> <span class='ocrx_word' id='word_1_141' title='bbox 498 3283 548 3323; x_wconf 82' lang='lat' dir='ltr'><strong>sex</strong></span> <span class='ocrx_word' id='word_1_142' title='bbox 571 3274 728 3324; x_wconf 85' lang='lat' dir='ltr'><strong>coronatos</strong></span> <span class='ocrx_word' id='word_1_143' title='bbox 753 3278 782 3324; x_wconf 89' lang='lat' dir='ltr'><strong>et</strong></span> <span class='ocrx_word' id='word_1_144' title='bbox 807 3275 907 3326; x_wconf 86' lang='lat' dir='ltr'><strong>octua-</strong></span> 
     </span>
     <span class='ocr_line' id='line_1_29' title="bbox 324 3363 909 3442; baseline 0.009 -20"><span class='ocrx_word' id='word_1_145' title='bbox 324 3365 404 3442; x_wconf 81' lang='lat' dir='ltr'><strong>ginta</strong></span> <span class='ocrx_word' id='word_1_146' title='bbox 430 3376 490 3423; x_wconf 90' lang='lat' dir='ltr'><strong>tres</strong></span> <span class='ocrx_word' id='word_1_147' title='bbox 514 3363 624 3425; x_wconf 90' lang='lat' dir='ltr'><strong>solidos</strong></span> <span class='ocrx_word' id='word_1_148' title='bbox 649 3365 678 3423; x_wconf 93' lang='lat' dir='ltr'><strong>in</strong></span> <span class='ocrx_word' id='word_1_149' title='bbox 706 3365 851 3426; x_wconf 86' lang='lat' dir='ltr'><strong>Felieiuno</strong></span> <span class='ocrx_word' id='word_1_150' title='bbox 872 3386 909 3427; x_wconf 82' lang='lat' dir='ltr'><strong>ex</strong></span> 
     </span>
     <span class='ocr_line' id='line_1_30' title="bbox 323 3464 906 3544; baseline 0.009 -22"><span class='ocrx_word' id='word_1_151' title='bbox 323 3465 428 3523; x_wconf 86' lang='lat' dir='ltr'><strong>aerarii</strong></span> <span class='ocrx_word' id='word_1_152' title='bbox 445 3464 613 3542; x_wconf 86' lang='lat' dir='ltr'><strong>praeposito</strong></span> <span class='ocrx_word' id='word_1_153' title='bbox 629 3465 747 3525; x_wconf 88' lang='lat' dir='ltr'><strong>Nieolao</strong></span> <span class='ocrx_word' id='word_1_154' title='bbox 762 3467 824 3535; x_wconf 74' lang='lat' dir='ltr'><strong>(lid,</strong></span> <span class='ocrx_word' id='word_1_155' title='bbox 836 3486 906 3544; x_wconf 89' lang='lat' dir='ltr'><strong>qua-</strong></span> 
     </span>
     <span class='ocr_line' id='line_1_31' title="bbox 325 3565 904 3646; baseline 0.003 -21"><span class='ocrx_word' id='word_1_156' title='bbox 325 3579 392 3625; x_wconf 84' lang='lat' dir='ltr'><strong>tuor</strong></span> <span class='ocrx_word' id='word_1_157' title='bbox 416 3565 496 3623; x_wconf 90' lang='lat' dir='ltr'><strong>mille</strong></span> <span class='ocrx_word' id='word_1_158' title='bbox 524 3566 707 3643; x_wconf 86' lang='lat' dir='ltr'><strong>octingentas</strong></span> <span class='ocrx_word' id='word_1_159' title='bbox 736 3570 904 3646; x_wconf 80' lang='lat' dir='ltr'><strong>octuaginta</strong></span> 
     </span>
     <span class='ocr_line' id='line_1_32' title="bbox 321 3666 905 3745; baseline 0.003 -20"><span class='ocrx_word' id='word_1_160' title='bbox 321 3678 387 3726; x_wconf 87' lang='lat' dir='ltr'><strong>oeto</strong></span> <span class='ocrx_word' id='word_1_161' title='bbox 402 3676 557 3723; x_wconf 81' lang='lat' dir='ltr'><strong>coronatos</strong></span> <span class='ocrx_word' id='word_1_162' title='bbox 580 3677 609 3724; x_wconf 83' lang='lat' dir='ltr'><strong>et</strong></span> <span class='ocrx_word' id='word_1_163' title='bbox 624 3666 816 3745; x_wconf 87' lang='lat' dir='ltr'><strong>quadraginta</strong></span> <span class='ocrx_word' id='word_1_164' title='bbox 836 3670 905 3727; x_wconf 92' lang='lat' dir='ltr'><strong>soli-</strong></span> 
     </span>
     <span class='ocr_line' id='line_1_33' title="bbox 320 3768 903 3848; baseline 0.005 -21"><span class='ocrx_word' id='word_1_165' title='bbox 320 3769 373 3827; x_wconf 88' lang='lat' dir='ltr'><strong>dos</strong></span> <span class='ocrx_word' id='word_1_166' title='bbox 399 3769 429 3827; x_wconf 93' lang='lat' dir='ltr'><strong>in</strong></span> <span class='ocrx_word' id='word_1_167' title='bbox 457 3769 552 3826; x_wconf 87' lang='lat' dir='ltr'><strong>Leone</strong></span> <span class='ocrx_word' id='word_1_168' title='bbox 577 3768 666 3828; x_wconf 90' lang='lat' dir='ltr'><strong>Sunio</strong></span> <span class='ocrx_word' id='word_1_169' title='bbox 692 3789 727 3829; x_wconf 80' lang='lat' dir='ltr'><strong>ex</strong></span> <span class='ocrx_word' id='word_1_170' title='bbox 752 3771 903 3848; x_wconf 89' lang='lat' dir='ltr'><strong>Stephano</strong></span> 
     </span>
     <span class='ocr_line' id='line_1_34' title="bbox 318 3867 901 3947; baseline 0.003 -18"><span class='ocrx_word' id='word_1_171' title='bbox 318 3868 416 3929; x_wconf 88' lang='lat' dir='ltr'><strong>lbario</strong></span> <span class='ocrx_word' id='word_1_172' title='bbox 447 3867 657 3929; x_wconf 78' lang='lat' dir='ltr'><strong>alimentorum</strong></span> <span class='ocrx_word' id='word_1_173' title='bbox 689 3872 901 3947; x_wconf 84' lang='lat' dir='ltr'><strong>commissario,</strong></span> 
     </span>
     <span class='ocr_line' id='line_1_35' title="bbox 319 3966 900 4050; baseline 0.009 -22"><span class='ocrx_word' id='word_1_174' title='bbox 319 3983 377 4028; x_wconf 83' lang='lat' dir='ltr'><strong>tres</strong></span> <span class='ocrx_word' id='word_1_175' title='bbox 392 3966 472 4028; x_wconf 91' lang='lat' dir='ltr'><strong>mille</strong></span> <span class='ocrx_word' id='word_1_176' title='bbox 484 3968 680 4049; x_wconf 86' lang='lat' dir='ltr'><strong>quadraginta</strong></span> <span class='ocrx_word' id='word_1_177' title='bbox 693 3985 806 4050; x_wconf 89' lang='lat' dir='ltr'><strong>septem</strong></span> <span class='ocrx_word' id='word_1_178' title='bbox 818 3992 900 4033; x_wconf 90' lang='lat' dir='ltr'><strong>eoro-</strong></span> 
     </span>
    </p>
   </div>
   <div class='ocr_carea' id='block_1_3' title="bbox 0 0 1532 4856">
    <p class='ocr_par' dir='ltr' id='par_1_3' title="bbox 0 0 1532 4856">
     <span class='ocr_line' id='line_1_36' title="bbox 0 0 1532 4856; baseline 0 8"><span class='ocrx_word' id='word_1_179' title='bbox 0 0 1532 4856; x_wconf 95' lang='lat' dir='ltr'><strong> </strong></span> 
     </span>
    </p>
   </div>
  </div>
 </body>
</html>
