3046 4836
615 471 767 568 (rua)

222 670 295 730 Daci
307 670 392 729 Erico
405 670 624 730 Brunsviccnsi.
829 673 930 732 loona
945 691 1005 735 cor.
1021 676 1060 735 ‘29
1076 675 1109 751 11,
1125 686 1160 733 st.

222 773 313 833 Paulo
327 771 452 830 Cueller.
869 774 927 833 101
942 792 1002 835 cor.
1019 777 1037 834 1
1055 786 1091 834 st.

221 871 327 933 Comiti
342 873 443 933 Ottoni
455 872 685 950 Xamburgensi.
829 875 929 936 08800
944 894 1004 935 cor.
1021 880 1038 936 5
1054 889 1090 936 st.

220 974 328 1034 Comiti
343 958 570 1033 Manaveldensi·
829 976 928 1036 58058
943 995 1005 1038 cor.
1020 977 1039 1034 8
1054 989 1089 1036 st.

140 1182 156 1233 t
421 1177 521 1233 Arcas.

221 1334 325 1393 Soneio
346 1334 382 1394 de
404 1335 485 1395 Avila
507 1336 666 1396 castellano
687 1338 762 1396 arcis

181 1436 415 1515 llutwerpicnsis
429 1446 459 1496 et
472 1436 535 1514 ejus
549 1438 763 1521 locumtenenti

182 1536 299 1596 llidclio
314 1546 344 1596 et
358 1536 502 1597 militibus
518 1539 717 1617 praesidiariis
730 1541 765 1599 ad

181 1639 310 1699 rationes
325 1640 369 1698 sui
385 1640 537 1717 stipendii.
829 1645 928 1703 05751
944 1661 1004 1702 ror.

126 1746 156 1794 to
220 1741 603 1820 CastellanoUtrajectensi.
828 1746 1003 1807 11700000.

220 1841 364 1901 Militibus
378 1843 574 1921 praesidiariis
586 1843 764 1908 ,00000000-

178 1941 270 2001 sibus.
848 1948 927 2006 0005
943 1964 1004 2005 cor.
1020 1949 1057 2005 55
1073 1956 1100 2003 st

222 2042 422 2104 Praesidiariis
436 2047 512 2105 arcis
528 2047 734 2106 Valenciauae.
830 2115 832 2119 .
849 2049 928 2108 7115
942 2066 1003 2108 eor.
1021 2049 1058 2106 16
1074 2058 1110 2106 st.

220 2145 349 2205 Domino
360 2144 396 2205 de
409 2146 491 2207 Gossi
503 2147 765 2208 castellanoCame·

125 2256 154 2308 ta
178 2246 302 2307 rocensi.
870 2252 930 2310 500
944 2269 1005 2310 cor.

219 2347 766 2410 Solutoribombardorumadillarum

178 2466 331 2528 expensas.
825 2453 926 2510 18920
942 2469 1002 2509 cor.

218 2549 366 2611 Malthace
388 2553 476 2612 Vosio
499 2553 645 2630 receptori
667 2553 762 2611 victus

178 2649 214 2710 acl
230 2651 308 2710 illius
327 2653 520 2730 emptionem.
826 2654 925 2712 05815
942 2671 1001 2713 cor.

123 2761 153 2811 20
219 2751 372 2812 Praefecto
388 2772 543 2813 cursorum
561 2751 714 2813 leonardo
729 2753 766 2811 de

175 2853 273 2913 Tarsis
291 2861 322 2911 et
340 2853 404 2930 ejus
426 2853 639 2914 locumtenenti
660 2853 697 2912 ad
713 2872 764 2913 ea-

177 2973 284 3034 pensas
299 2972 465 3013 cursorum.
486 3027 489 3031 .
846 2955 926 3014 9875
940 2972 1001 3014 cor.
1019 2955 1055 3013 tt
1074 2966 1110 3014 st.

218 3058 274 3115 Pro
290 3055 429 3134 expensis
444 3057 701 3120 extraordinariis.
827 3057 1002 3117 10058000
1020 3056 1107 3135 10110
1122 3067 1158 3115 st.

218 3155 352 3215 1110110011
381 3156 518 3234 Algarvio
547 3154 584 3214 ad
619 3176 765 3235 expensas

121 3271 152 3321 10
178 3260 382 3320 munitionum
849 3260 1059 3319 5717001087
1076 3271 1112 3320 st.

219 3362 376 3441 Receptori
392 3361 556 3421 Flandriae.
852 3360 930 3421 1025
945 3379 1006 3420 cor.
1021 3364 1060 3421 *25
1075 3371 1110 3422 st.

218 3463 327 3523 lacobo
349 3462 461 3542 llhegio
485 3481 539 3540 pro
562 3463 687 3539 pulvere
700 3471 763 3533 tor·
963 3470 965 3476 '

178 3564 324 3624 monterio
339 3562 377 3622 ab
392 3582 427 3622 eo
441 3568 590 3640 coempto.
830 3563 929 3623 10085
944 3580 1006 3622 cor.
1020 3564 1059 3621 52
1075 3571 1109 3620 st,

218 3663 335 3723 Nicolao
358 3666 433 3723 Vart
463 3664 609 3741 receptori
635 3662 766 3741 generali

122 3776 153 3825 80
177 3763 374 3825 financiarum
404 3783 458 3841 pro
486 3761 609 3842 pulvere
633 3774 765 3821 tormen-

177 3868 253 3928 tario
264 3865 302 3925 ab
314 3864 418 3926 eodem
434 3875 571 3945 coempto
586 3865 616 3924 in
633 3864 764 3923 classem.
848 3863 929 3925 0555
944 3882 1004 3923 cor.
1021 3865 1059 3924 05
1075 3876 1112 3922 st.

216 3967 323 4027 loanni
331 3966 669 4045 Martiniorlstorguensi
682 3984 765 4045 prae·

177 4068 254 4129 lecto
275 4068 453 4129 xenodochii
467 4069 614 4128 exercitus
629 4065 665 4126 aa
682 4086 767 4126 oura-
