3046 4836
644 410 799 509 (ru)

197 607 338 667 habuerit
358 607 394 667 ad
417 608 562 685 integram
585 611 630 668 sui
652 607 893 681 satisfactionem,
915 619 945 668 et
963 610 1034 673 inita
1057 611 1175 671 demum
1202 624 1231 672 et

199 708 384 785 deprebensa
414 709 617 767 aestimatione
649 710 818 786 superantis
854 709 996 786 paeoniae
1025 729 1060 771 ert
1088 711 1231 772 alterutra

199 819 283 889 parte
312 809 481 887 subseripto
505 811 570 888 ejus
600 810 720 870 nomine
756 809 924 888 praedictae
955 811 1162 885 aestimationi,
1199 825 1231 873 ut

197 909 310 988 liquido
328 921 478 989 appareat,
501 929 560 987 quo
580 910 609 967 in
629 921 706 970 statu
730 910 768 973 sit
783 921 813 968 et
829 909 917 970 nobis
931 921 1056 983 constet,
1072 912 1159 972 modo
1175 913 1231 973 boe

147 1021 172 1069 't
198 1010 248 1069 fiat
263 1011 299 1069 ad
316 1010 441 1069 sornmm
459 1020 572 1070 tantum
588 1010 799 1069 aestimationis
827 1010 908 1071 nulio
935 1013 1045 1091 scripto
1067 1013 1230 1073 earundem

198 1109 347 1170 rationum
363 1110 530 1183 eaneeiiato,
547 1110 788 1188 quandoquidem
809 1110 881 1171 haee
899 1112 1050 1190 diligentia
1067 1112 1098 1172 in
1115 1115 1230 1175 nulium

197 1212 288 1270 alium
311 1211 400 1270 iinem
422 1211 582 1288 suscipitur
601 1211 656 1270 nisi
677 1212 714 1270 ad
737 1221 868 1270 nostram
885 1212 1231 1290 sntisiaetionem,qttare

199 1334 252 1392 per
264 1321 434 1392 praesentes
446 1314 619 1371 mandamus
631 1313 726 1371 eidem
739 1313 873 1386 solutori,
887 1325 918 1371 ut
934 1332 965 1371 se
981 1314 1066 1377 sistat
1077 1324 1145 1373 ante
1162 1332 1230 1392 prr-

196 1414 308 1474 dictum
321 1414 503 1491 provisorem
519 1426 546 1472 et
562 1414 697 1472 ostendat
713 1414 843 1472 rationes
855 1414 901 1474 sui
914 1415 1027 1493 aeeepti
1040 1425 1068 1473 ot
1080 1414 1230 1475 distributi

72 1494 76 1501 ’
142 1523 182 1572 to.
197 1528 226 1576 et
238 1534 341 1575 eorum
354 1517 531 1590 scriptorum
544 1514 742 1594 originalium
752 1514 1018 1590 qtraebabueritad
1033 1534 1067 1575 eu
1081 1516 1230 1592 pertinen-

197 1619 282 1689 tium,
303 1618 480 1694 intersitque
497 1617 663 1693 praedictae
677 1618 876 1675 aestimationi
896 1628 926 1676 et
945 1617 1133 1693 liquidationi
1155 1630 1230 1678 tema

198 1738 268 1795 pore
281 1731 309 1777 et
322 1718 403 1778 boris
414 1718 449 1776 ad
463 1718 533 1776 iliud
547 1716 601 1776 sibi
612 1719 737 1797 praeseri
743 1719 799 1795 ptis
811 1717 922 1793 absque
936 1713 995 1778 uilo
1007 1717 1229 1792 defeetuQuod

194 1819 282 1879 etiam
295 1818 478 1896 injungimus
493 1817 588 1877 eidem
603 1820 757 1896 provisori,
769 1830 799 1877 ut
811 1831 977 1894 exequatur
990 1837 1056 1878 eum
1069 1821 1149 1879 omni
1165 1820 1229 1883 bre·

195 1920 285 1979 vitute
304 1932 333 1978 et
355 1919 504 1998 diligentia
529 1919 668 1998 possibili.
696 1921 768 1978 {tem
788 1920 972 1999 injungimus
987 1919 1227 1999 Aipltonsiodla·

141 2035 173 2088 tt
197 2020 294 2081 medio
315 2021 463 2097 quaestori
482 2019 622 2093 stipendii
646 2020 792 2094 militaris,
813 2021 923 2081 reserat
943 2021 1068 2083 eandem
1090 2023 1228 2081 aestima·

196 2125 305 2182 tionem
331 2122 361 2180 in
387 2121 478 2180 libros
503 2121 642 2197 stipendii
668 2120 723 2179 sibi
750 2122 899 2180 commissi
924 2121 1100 2200 adieratquo
1124 2140 1228 2182 omnes

195 2226 324 2284 rationes
343 2243 445 2283 earum
471 2242 666 2297 antummum,
685 2242 762 2300 quae
784 2223 821 2282 ab
844 2225 912 2309 ipso·
933 2233 1083 2300 petentur,
1105 2225 1141 2283 ad
1163 2244 1227 2284 eam

193 2327 426 2386 aestimationem
441 2326 654 2403 pertinentium
670 2324 919 2404 perpraedictum
935 2327 1098 2389 solutorem
1111 2327 1228 2405 absque

195 2428 254 2487 uito
277 2428 490 2505 impedimento
519 2438 570 2486 aut
598 2427 749 2486 dilatione.
775 2428 935 2503 Gregorius
963 2428 1122 2505 nragutius
1147 2428 1226 2489 idem

141 2541 171 2592 bt
196 2530 291 2597 facito,
308 2529 385 2605 apud
407 2547 495 2605 qtrenr
516 2537 586 2588 sunt
604 2529 743 2588 officiales
768 2530 934 2603 truaestoris
956 2528 1163 2605 Cbristopbori
1190 2528 1228 2587 de

194 2631 372 2689 Casteiionos
386 2629 563 2701 detonuerat
579 2630 676 2687 neutri
689 2629 775 2687 aiitee
787 2627 908 2688 faciatis.
920 2628 1228 2706 Datumbntwerpiao

191 2750 253 2791 aum
268 2730 445 2809 septembris
460 2731 530 2789 arani
547 2731 688 2788 txxutt.

235 2832 378 2891 Dominus
403 2831 566 2889 Ludovieus
582 2831 618 2887 de
634 2831 816 2905 Requesens.

233 2933 275 2993 Ad
289 2932 405 3010 jussum
418 2934 492 2991 Suae
506 2931 700 2990 Excellentiue
718 2932 863 2990 Dominus
878 2930 914 2990 de
930 2930 1046 2993 Gavaio.
