3056 4856
472 380 478 389 ⁵
634 461 762 562 (a)

192 659 396 738 septingentos
431 660 646 739 quinquaginta
685 679 778 719 unum

192 771 348 820 coronatos
363 761 467 840 viginti
482 772 595 842 septem
608 761 739 821 stuieros
751 771 780 821 et

193 880 244 921 sex
260 880 408 935 nummos,
423 863 503 940 quod
519 864 648 923 solutum
669 876 714 922 cst
729 883 782 941 per

195 963 322 1023 cundem
360 963 521 1024 solutorem
558 964 783 1037 mercatoribus,

154 1063 170 1109 ⁸
195 1065 246 1141 qui
275 1067 306 1123 in
336 1063 503 1124 Londinum
532 1084 597 1125 eam
626 1066 784 1143 pecuniam

196 1178 405 1241 procurarunt.
825 1169 922 1228 natet
941 1186 1001 1227 cor.
1017 1170 1055 1227 at
1071 1181 1108 1228 st.
1124 1170 1141 1226 (i
1157 1169 1205 1228 ob.

198 1381 348 1443 Adventus
376 1384 504 1463 Repinoe
538 1383 572 1443 in
607 1380 658 1442 bos
687 1393 783 1444 statua

197 1497 221 1545 ct
243 1482 331 1545 iliius
356 1486 513 1566 nonipotio
535 1485 568 1544 in
589 1486 785 1566 Hispaniam.

241 1646 298 1706 Pro
312 1645 451 1723 expensis
465 1646 495 1703 in
511 1645 638 1706 adventu
654 1646 784 1725 Reginae

144 1750 174 1798 ¹⁰
201 1747 282 1809 i'aetis
299 1760 357 1805 tam
368 1744 421 1820 ΙΙίη
437 1746 562 1807 theatris
577 1747 695 1826 ignibus
711 1749 784 1806 arti-

200 1848 347 1909 ficialibus
362 1849 494 1908 excitatis
509 1850 540 1909 in
555 1848 667 1928 oppido
688 1849 786 1908 Nime-

198 1969 252 2029 gae
263 1961 293 2010 et
305 1949 400 2009 tribus
411 1948 544 2020 millibus
557 1953 695 2010 trecentis
707 1969 790 2009 coro·

202 2052 277 2110 natis
288 2050 363 2110 datis
377 2051 471 2111 tribus
483 2052 645 2130 capitaneis
654 2051 787 2128 peditum

203 2152 405 2231 Hispanorum
416 2154 452 2212 ad
465 2154 605 2213 vestitum
613 2162 788 2213 stornatum

146 2270 177 2317 tt
202 2274 326 2316 suorum
348 2256 487 2329 miiitum,
515 2269 548 2316 ut
572 2257 790 2334 egrederentur

202 2356 320 2416 obviam
331 2357 471 2435 Reginae,
479 2369 508 2416 ct
519 2358 548 2415 in
564 2357 675 2435 praelio
687 2355 792 2415 fictitio

201 2459 231 2515 in
244 2456 348 2516 eodem
360 2458 471 2536 oppido
484 2458 557 2517 inito
569 2477 659 2535 quain
672 2458 701 2517 in
715 2458 790 2517 soln-

202 2559 281 2617 tione
302 2576 446 2617 curruum
462 2568 492 2620 et
506 2577 664 2635 equorum,
681 2558 791 2634 quibus

201 2672 383 2741 comportata
398 2674 443 2721 cst
457 2663 537 2740 regia
554 2661 710 2740 suppellex
727 2661 791 2719 uni·

145 2772 177 2820 ao
204 2780 286 2820 versa
297 2762 335 2822 ab
346 2761 684 2841 codcmoppidoBergas
695 2780 790 2838 usque

203 2876 232 2923 et
256 2864 287 2923 in
312 2863 377 2923 aliis
391 2863 481 2923 rebus
497 2864 655 2940 ejusmodi,
670 2864 741 2922 item
757 2864 788 2922 in

204 2967 360 3046 torquibus
370 2970 468 3029 aurcis
482 2969 561 3029 dono
576 2968 653 3027 datis
664 2967 790 3027 diversis

205 3070 348 3147 personis,
359 3089 436 3147 quae
449 3071 530 3130 ittam
544 3071 700 3130 comitatae
713 3080 792 3142 sunt,

204 3184 234 3230 et
257 3181 324 3230 octo
348 3170 479 3230 millibus
498 3170 683 3231 florenorum
706 3172 793 3230 Petro

145 3282 177 3329 nt
206 3268 362 3329 Hurdunio
403 3269 509 3330 aerarii
552 3274 721 3350 praeposito
765 3280 795 3330 ct

204 3372 354 3448 quaestori
368 3373 475 3448 Regiae
491 3372 651 3431 Maiestatis
663 3372 698 3430 ad
713 3372 793 3431 sotu-

204 3473 315 3531 tionem
330 3473 549 3550 stipendiorum
570 3474 791 3533 ordinariorum

204 3582 234 3631 et
248 3573 553 3635 extraordinariorum
580 3578 679 3655 regiae
704 3576 793 3635 sami-

205 3674 270 3744 liae,
284 3693 413 3751 quorum
428 3677 575 3735 rationem
592 3689 713 3737 tenetur
729 3677 797 3736 red-

145 3788 179 3837 uo
207 3774 287 3849 dere,
309 3775 412 3836 decem
434 3786 464 3837 et
486 3787 551 3837 octo
575 3779 654 3837 mitio
676 3779 796 3838 ducenti

207 3876 353 3956 octoginta
376 3896 454 3938 unus
480 3881 611 3938 coronati
637 3878 794 3938 duodecim

209 3978 325 4038 stuicri.
839 3983 932 4043 tanet
951 4002 1011 4041 cor.
1029 3984 1065 4041 tn
1080 3994 1117 4041 st.

1094 4131 1116 4194 6
